2994 4822
639 160 846 232 215.

114 338 192 402 κατὰ
214 332 424 403 θάλασσαν...
447 337 502 425 τήν
523 334 651 425 ἐσβολήν
671 339 837 425 φυλάσσειν
858 334 960 422 VIII,
986 340 1035 420 15,
1059 344 1089 418 9,
1113 345 1146 404 11
1171 332 1272 424 Vm,
1296 338 1369 424 209,

118 446 154 507 ll
177 441 264 527 άμιλν
284 447 436 526 μέγιστος.
482 441 597 508 Simile
619 449 670 510 est
687 440 776 529 a'yoio
795 449 960 528 πρσκέεται
980 464 1054 508 cum
1070 442 1128 510 inf.
1146 442 1227 526 VH,
1253 447 1371 527 11,16.

114 546 219 630 Apud
240 547 321 612 Eur.
344 545 429 613 Med.
456 550 518 612 235
539 543 628 631 άγυλν
648 552 793 632 μέγιστος
814 569 888 614 cum
907 544 1080 612 infinitivo.
1125 544 1272 612 Homero
1295 568 1371 612 con·

116 651 254 716 structio
277 671 344 716 uon
366 649 502 733 placuit.

201 753 345 831 δέννος.
390 753 456 819 Ins.
480 775 548 820 eor.
576 753 718 838 μιναικός
734 758 831 819 κακίω
851 751 982 819 άκοῦσαι
1007 753 1112 831 δέννος
1131 752 1277 837 μέγιστός
1297 750 1371 819 ἐστι.

117 856 184 938 ΙΧ,
221 860 292 938 107,
327 860 356 923 9.
407 856 550 923 Praeter
582 856 792 924 Herodotum
828 858 916 940 apud
950 858 1130 941 scriptores
1170 857 1372 921 recentiores

117 959 247 1024 demum
268 959 401 1040 legitur.

202 1068 230 1146 β.
275 1062 439 1127 Addito
472 1063 748 1129 substantivo
782 1083 870 1127 cum
904 1062 1239 1146 praepositione
1270 1081 1371 1125 con·

117 1169 282 1248 iuncto,
305 1172 344 1230 ut

202 1270 243 1336 ἐν
271 1265 394 1356 ἡδονῇ
425 1289 497 1332 cum
525 1267 647 1334 dativo.
692 1267 774 1335 Acc.
805 1290 832 1334 o.
861 1268 919 1333 inf.
951 1289 1019 1333 aor.
1047 1271 1099 1332 καί
1125 1266 1156 1331 οἱ
1186 1267 1312 1344 πάντως
1340 1264 1372 1332 ἓν

117 1369 211 1461 ἡδονῇ
232 1370 298 1436 ἔστι
319 1374 465 1455 γενέσθαι
485 1371 708 1456 στραπρλασίην
726 1370 781 1435 ἐπὶ
801 1371 857 1459 τήν
878 1367 1014 1436 Ἑλλάδα
1035 1369 1117 1451 VH,
1140 1375 1196 1450 15,
1214 1373 1263 1436 12.

202 1473 241 1539 ἐν
262 1474 370 1560 νόμῳ
393 1495 467 1539 cum
489 1473 611 1539 dativo.
656 1473 719 1539 Inf.
738 1495 846 1558 praes.
867 1472 939 1539 οὔτε
959 1473 1020 1559 γάρ
1034 1478 1122 1558 σφίσι
1140 1471 1173 1537 ἒν
1188 1471 1275 1558 νόμῳ
1294 1467 1372 1537 εἶναι

117 1577 287 1661 ἄνθρωπον
305 1582 502 1663 προσκυνέειν
524 1575 595 1641 οὔτε
615 1575 694 1640 κατὰ
714 1583 814 1641 ταῦτα
833 1572 919 1664 ἥκειν
942 1576 1024 1659 VH,
1050 1579 1121 1658 136,
1146 1581 1175 1640 7.

203 1681 241 1745 ἐν
261 1687 333 1746 σοί.
378 1680 442 1744 Inf.
465 1701 531 1745 eor.
555 1678 587 1742 ἐν
608 1680 656 1744 συὶ
678 1685 733 1743 νῦν
754 1679 818 1744 ἐστι
840 1687 937 1745 σῶσαι
958 1678 1014 1766 τήν
1036 1675 1171 1743 Ἑλλάδα
1193 1676 1296 1758 VIII,
1320 1681 1370 1759 60,

120 1783 230 1864 111,
256 1788 327 1865 109,
352 1786 488 1847 11-11.

201 1887 241 1952 ἐν
269 1885 397 1971 τούτῳ
426 1906 500 1950 cum
528 1885 649 1950 dativo.
695 1883 759 1950 Inf.
788 1906 895 1968 praes.
925 1884 958 1949 ἒν
986 1886 1088 1970 τούτῳ
1110 1883 1174 1950 ἑσιι
1198 1879 1219 1972 ἢ
1244 1886 1372 1968 βασιλέα

117 1985 193 2055 εἶναι
216 1987 237 2078 ἢ
257 1990 302 2079 μή
325 1990 393 2071 ΙΠ,
416 1994 468 2069 85,
492 1993 521 2053 9.

201 2091 268 2157 ἐπ’
290 2089 396 2181 ἡμῖν.
430 2091 493 2157 Inf.
512 2091 596 2174 perf.
617 2087 677 2154 ἐπ’
691 2088 767 2177 ἡμῖν
782 2089 835 2155 ἔστ
851 2098 920 2179 ιτῆς
939 2093 998 2176 γῆς
1016 2089 1200 2177 ἐστερῆσθαι
1219 2090 1269 2153 καὶ
1291 2090 1373 2176 πρὸς

119 2194 367 2283 ἠνδραποδίσθαι
389 2191 488 2277 ὑμέας
509 2193 592 2276 VII,
616 2197 667 2275 29,
692 2198 720 2259 7.

202 2299 241 2363 ἐν
261 2299 347 2385 νόῳ.
384 2297 449 2362 Inf.
478 2317 585 2380 praes.
608 2302 639 2361 τί
660 2318 708 2361 σοι
727 2295 759 2360 ἐν
779 2295 842 2381 νόῳ
868 2296 933 2361 ἐστὶ
955 2301 1074 2361 ποιέειν
1098 2295 1127 2378 Ι,
1152 2300 1223 2377 109,
1246 2301 1276 2360 6.
1321 2294 1372 2362 Si·

116 2403 238 2468 militer
266 2424 340 2467 cum
359 2400 480 2486 ἐγένετο
500 2400 574 2480 ΙΧ,
603 2404 654 2482 46,
678 2403 728 2464 16.
772 2398 813 2464 In
843 2399 1004 2466 eiusmodi
1034 2400 1191 2483 exemplis
1213 2398 1371 2464 habemus

117 2506 394 2585 constructiones,
422 2526 562 2587 quarum
592 2505 698 2587 prima
720 2503 861 2584 vestigia
882 2504 971 2588 apud
992 2502 1174 2568 Homerum
1200 2508 1371 2586 apparent,

117 2609 159 2674 ab
176 2607 352 2674 Herodoto
376 2615 493 2672 auctas
514 2615 548 2673 11
567 2606 801 2690 amplificatam
824 2606 962 2672 Atticus
976 2629 1052 2672 vero
1071 2606 1188 2672 talium
1203 2610 1371 2670 construc-

116 2714 243 2777 tionum
266 2733 345 2776 usus
367 2711 409 2776 ab
429 2709 625 2776 Herodoteo
647 2708 730 2774 nihil
750 2709 818 2773 sere
839 2708 1015 2793 discrepat.

201 2838 233 2900 γ.
279 2814 377 2879 Cum
400 2813 636 2879 adiectivis
659 2819 699 2877 et
719 2813 979 2895 participiis
999 2813 1186 2893 neutris,
1210 2821 1248 2876 ut

203 2919 331 3005 χρεόν.
362 2915 426 2982 qu.
450 2937 559 2999 praes.
579 2922 677 2980 ταῦτα
697 2915 789 3001 χρεόν
805 2913 869 2978 ἐστι
892 2916 993 2998 λέγειν
1015 2914 1083 2998 ΙΧ,
1106 2919 1155 2996 16,
1177 2918 1227 2979 24.
1246 2913 1294 2992 ΙΙ,
1319 2919 1370 2996 35,

120 3017 1292 3102 1111111.1111111111.111,11,11.11,11.14,11.

203 3122 267 3188 Ins.
291 3144 359 3187 aor.
380 3128 413 3187 11
435 3120 491 3187 ins.
513 3143 618 3206 praes.
643 3120 710 3202 IX,
735 3124 806 3203 106,
829 3125 859 3185 8.

202 3225 284 3290 Arc.
308 3247 336 3290 e.
361 3224 418 3290 inl.
442 3245 551 3307 praes.
571 3223 662 3307 χρεόν
684 3221 748 3288 ἐστι
769 3221 869 3305 ὑμέας
889 3221 995 3303 μάχας
1008 3220 1241 3308 ἀναβάλλεσθαι
1260 3221 1302 3304 V,
1318 3227 1370 3302 49,

117 3332 168 3394 43.
191 3328 219 3401 l,
240 3333 293 3407 41,
316 3332 365 3393 11.
390 3333 440 3408 57,
465 3332 495 3392 3.
528 3325 570 3406 V,
593 3330 643 3406 50,
669 3331 697 3390 7.
723 3329 950 3407 109,10-19.
978 3328 1047 3397 111,
1072 3329 1207 3392 14-18,
1233 3323 1295 3407 VI,
1317 3330 1371 3407 43,

119 3436 168 3497 14.
193 3436 244 3502 14.
270 3436 298 3496 e.
324 3430 406 3511 111,
432 3434 502 3512 reo,
527 3427 700 3511 141111,
725 3433 775 3500 14,
800 3432 849 3493 11.
874 3434 924 3509 ro,
944 3434 993 3494 m.
1020 3433 1091 3511 141,
1106 3433 1137 3496 4.
1158 3428 1226 3494 lx.
1248 3432 1300 3510 41,
1321 3433 1370 3495 11.

118 3540 168 3611 58,
192 3539 241 3599 18.

202 3639 284 3702 Ace.
304 3659 331 3702 c.
350 3635 407 3702 ins.
427 3657 496 3700 nor.
519 3633 568 3716 ΙΙ,
592 3639 642 3713 55,
666 3640 696 3701 6.
721 3633 762 3715 V,
785 3638 836 3716 89,
860 3637 910 3700 19.
934 3634 1017 3717 VII,
1039 3641 1069 3715 6,
1090 3639 1141 3700 25.
1161 3634 1228 3717 ΙΧ,
1251 3637 1370 3715 17,19.

116 3745 168 3823 41,
194 3744 329 3807 11-14.
352 3743 404 3821 41,
428 3743 457 3803 1.

203 3843 284 3908 Α11.
308 3865 335 3908 1.
359 3843 415 3908 ius.
440 3863 545 3924 praes,
569 3850 604 3907 et
625 3840 706 3923 pers.
727 3839 793 3920 IX,
815 3844 867 3921 41,
890 3842 1005 3906 9-12.

203 3947 394 4012 Herodotus
421 3944 513 4029 χρεόν
539 3942 601 4009 ἐστι
631 3944 699 4008 lere
724 3965 785 4026 pro
815 3943 874 4030 xpo}
896 3944 946 4009 111
977 3942 1110 4025 saepius
1132 3963 1192 4024 pro
1217 3944 1269 4024 „in
1293 3944 1370 4009 latis

118 4054 185 4114 est“
210 4072 288 4114 usus
308 4057 368 4114 est.

205 4161 250 4232 A,
284 4160 321 4217 ut
343 4152 442 4236 Soph.
468 4152 507 4218 Ο.
530 4150 567 4217 Τ.
593 4155 666 4233 633,
692 4148 796 4214 Thur.
817 4148 860 4229 V,
888 4152 1016 4213 41111.
1060 4145 1163 4231 Apud
1189 4147 1371 4215 Homerum

119 4276 181 4319 nou
204 4255 335 4320 obvium
359 4263 420 4321 est.

202 4357 325 4435 οἰκός.
366 4357 430 4422 Ius.
453 4377 560 4440 praes.
577 4354 615 4421 ου’
638 4358 699 4440 γάρ
720 4375 797 4440 φασι
818 4351 902 4430 οἰκὸς
923 4347 1000 4418 εἶναι
1024 4353 1100 4418 θεὸν
1115 4352 1296 4439 ἐξευρίσκειν
1311 4353 1371 4434 lV,

119 4462 241 4537 79,12.

203 4562 285 4628 Ace.
315 4585 342 4628 c.
372 4563 429 4629 inf.
461 4584 570 4648 praes.
603 4563 689 4641 οίκὸς
716 4561 770 4627 καὶ
801 4559 859 4647 ἐμὲ
892 4562 1013 4642 neta»
1047 4556 1153 4642 tutes
1183 4562 1393 4637 muniit-Q
