2994 4822
641 183 853 245 „30-

205 353 224 440 ξ
260 358 312 418 11.
355 349 581 416 Accedunt
614 348 744 414 verba
779 346 1028 428 nuntiandi,
1070 347 1289 430 gloriandi
1333 353 1375 414 ei

119 476 226 540 quae
248 459 347 520 sunt
367 454 547 534 similia,
574 456 612 516 ut

203 564 389 651 ἀγγέλλω
426 587 499 631 cum
537 585 604 629 eoo.
639 584 666 628 ο.
696 561 754 626 inf.
785 584 892 646 praes.
922 560 1072 649 ἐληλύθεε
1101 559 1179 651 ἀνὴρ
1208 559 1376 651 Ἀθηναῖος

118 669 279 755 ἀγγέλλων
300 664 385 756 ἥκειν
406 667 460 739 τδν
482 667 638 753 βάρβαρον
659 664 768 748 VIII,
798 671 848 749 50,
880 669 909 731 3.
940 674 979 750 A,
1000 672 1039 731 ut
1060 667 1149 732 Xeu
1174 665 1250 751 Oyr.
1282 671 1310 744 1,
1343 672 1373 751 5,

120 779 161 840 30
177 780 239 840 oet.
278 771 382 854 Apud
396 769 585 836 Homerum=
600 770 663 836 hae
687 769 928 854 significatione
945 792 1019 836 oum
1039 770 1202 838 infinitivo
1222 771 1374 837 iunctum

118 899 183 943 non
207 881 321 943 exstat.

205 986 446 1071 ἐξαγγέλλω.
492 985 575 1051 Ace.
606 1006 632 1052 o.
654 983 712 1050 inf.
735 985 819 1069 perf.
845 985 876 1051 ολ
898 984 1056 1075 ἐξήγγειλε
1078 983 1096 1050 ὁ
1123 985 1242 1074 οἰκέτης
1271 986 1373 1052 παῖδα

118 1090 276 1177 γεγονέναι
292 1090 355 1172 VI,
379 1094 430 1172 65,
453 1092 503 1153 16.
546 1087 675 1154 Eadem
699 1089 864 1156 sententia
890 1090 1045 1155 antesin
1068 1090 1176 1173 eapite
1199 1095 1250 1174 63,
1273 1095 1292 1154 6
1313 1112 1373 1174 per

119 1191 164 1271 ιύς
185 1216 260 1259 oum
279 1193 459 1258 indicativo
488 1192 661 1257 enuntiata
688 1198 746 1274 est,
777 1198 811 1257 et
830 1198 948 1276 postea
970 1195 1004 1259 in
1035 1193 1145 1276 capite
1167 1198 1218 1275 69,
1249 1186 1289 1258 23
1312 1214 1374 1277 per

119 1296 303 1380 partieipia,
327 1293 415 1360 undo
437 1295 497 1359 has
519 1296 780 1361 constructiones
804 1294 893 1379 apud
917 1294 1126 1362 Herodotum
1145 1317 1264 1379 parum
1286 1295 1374 1360 inter

120 1422 155 1465 se
178 1397 310 1464 differre
341 1403 496 1481 apparet,
530 1397 571 1465 ef.
593 1397 765 1464 Kuehner.
788 1398 935 1466 Gramm.
964 1404 983 1482 ξ
1013 1404 1075 1464 558
1098 1399 1188 1464 Adn.
1216 1403 1246 1464 2.
1275 1406 1315 1481 A,
1339 1403 1375 1463 ut

120 1503 210 1567 Xon.
230 1501 321 1567 Hell.
344 1500 412 1584 ΙΠ,
437 1506 466 1583 2,
489 1503 538 1566 18.
584 1501 639 1567 Ab
662 1500 811 1568 Homero
835 1503 978 1568 alienum
998 1509 1057 1568 est.

205 1611 462 1696 ἀπαγγέλλω.
507 1612 590 1677 Αοο.
615 1634 642 1679 ο.
665 1614 722 1678 inf.
746 1636 853 1698 praes.
877 1612 957 1699 ύψις
977 1610 1169 1698 ἀπαγγέλλει
1195 1610 1297 1676 παῖδα
1318 1609 1374 1676 τδν

119 1715 195 1798 έμάν
216 1717 373 1799 βουλεύειν
400 1716 474 1801 περὶ
501 1720 551 1780 σέο
573 1715 602 1799 Ι,
632 1720 703 1799 210,
733 1721 782 1782 10.
826 1716 868 1781 In
892 1717 921 1800 I,
944 1720 1016 1800 127,
1041 1721 1059 1782 5
1083 1739 1156 1782 oum
1179 1710 1228 1781 ὅτι
1254 1736 1282 1779 ο.
1305 1721 1374 1798 opt.

118 1819 248 1903 legitur.

206 1927 482 2014 ὑποκρίνομαι
512 1929 729 2018 [responde0].
773 1929 839 1997 Inf.
861 1952 970 2014 praes.
994 1937 1027 1996 et
1048 1930 1104 1995 inf.
1133 1929 1216 2014 perf.
1246 1927 1374 2017 ἀπεκρί-

121 2057 211 2099 ναντο
232 2034 271 2098 τά
291 2034 348 2115 μέν
370 2040 483 2118 πρῶτα
510 2033 665 2114 λεχθέντα
691 2032 899 2120 ἐπιλελῆσθαι
920 2033 958 2099 τά
981 2033 1015 2098 δὲ
1037 2029 1154 2098 ύστατα
1181 2033 1218 2099 ού
1239 2041 1373 2101 συνιέναι

121 2136 190 2218 ΠΙ,
211 2140 263 2219 46,
282 2141 374 2202 5-e.

205 2248 288 2314 Aoo.
313 2248 550 2332 o.inf.p1·aes.
574 2255 606 2314 et
623 2247 680 2313 inf.
703 2269 811 2333 praes.
835 2247 938 2332 VIII,
964 2251 1034 2330 148,
1060 2252 1197 2314 24-25.

206 2360 288 2424 Aoo.
313 2381 339 2425 ο.
363 2359 420 2425 ins.
442 2358 501 2424 fut.
524 2358 574 2440 Π,
598 2363 670 2440 162,
692 2363 732 2423 19
752 2365 828 2445 posi
847 2358 898 2438 ως.

205 2472 447 2538 Adnotandum
470 2475 520 2536 est
539 2471 662 2554 λέγουσι
682 2470 756 2549 τούς
777 2471 811 2537 δὲ
832 2469 1112 2560 ὑποκρίνασθαι...
1145 2467 1236 2538 αὐτοὶ
1261 2468 1374 2536 δώσειν

119 2575 196 2659 Ι,2,
216 2579 265 2660 16,
288 2577 344 2641 ubi
366 2573 457 2640 αύτοί
478 2595 545 2640 non
568 2574 611 2640 ad
634 2575 818 2641 subiectum
838 2576 930 2642 verbi
950 2577 1080 2661 λέγουσι,
1099 2575 1157 2639 sed
1179 2572 1318 2650 αύτούς
1340 2573 1376 2638 δέ

120 2678 262 2744 relatum
283 2686 343 2745 est.
388 2679 515 2744 Eadem
537 2679 763 2744 inconstantia
782 2677 831 2762 H,
854 2683 924 2763 118,
949 2682 988 2745 15
1010 2683 1045 2744 et
1064 2676 1127 2760 IV,
1152 2680 1202 2759 15,
1227 2680 1256 2743 9.
1282 2669 1373 2740 Ὑπο-

119 2786 263 2866 κρίνομαι
284 2782 334 2847 ita
351 2788 390 2846 ut
411 2781 635 2865 respondendi
656 2782 721 2847 vim
739 2783 862 2849 habeat
883 2783 925 2848 ab
945 2782 1071 2849 Atticis
1093 2802 1160 2846 non
1180 2786 1372 2863 usurpatur,

120 2887 177 2952 sed
198 2888 308 2971 potius
330 2883 551 2972 ἀποκρίνομαι.
596 2883 810 2951 Constructio
832 2885 1015 2965 Homerica
1031 2907 1097 2950 non
1121 2888 1181 2951 est.

204 2996 439 3082 ἀμείβομαι.
485 2998 568 3064 Aoo.
597 3020 624 3064 ο.
647 2996 705 3062 inf.
736 2997 795 3065 fut.
825 2995 1023 3082 ἀμείβετο...
1056 2987 1078 3085 ἦ
1105 2995 1163 3079 μὲν
1183 2998 1374 3080 Κορινθίους
1437 3072 1441 3079 ⁸

119 3099 257 3183 μάλιστα
278 3098 404 3166 πάντων
426 3098 633 3188 ἐπιποθήσειν
657 3101 912 3186 Πεισιστρατίδας
931 3100 974 3183 V,
998 3104 1049 3182 93,
1071 3103 1102 3165 4.

206 3213 289 3278 Aoo.
313 3233 340 3276 ο.
362 3210 420 3279 inf.
441 3235 549 3298 praes.
574 3219 607 3278 et
628 3211 710 3295 perf.
733 3211 802 3294 ΠΙ,
826 3215 878 3294 34,
903 3215 942 3275 17
966 3233 1040 3277 oum
1062 3210 1122 3296 γάρ
1138 3209 1250 3276 subita
1265 3216 1371 3275 trans·

119 3315 221 3382 itione
245 3336 318 3381 oum
340 3316 520 3399 praecedat
541 3316 704 3382 sententia
725 3314 766 3379 ab
787 3309 832 3391 οἷς
853 3336 1023 3399 suspensa.

205 3426 385 3492 Praeterea
406 3427 470 3494 hoo
491 3428 566 3494 loco
589 3425 876 3494 commemorande
895 3426 993 3493 haee:

205 3527 376 3596 ἀπολύω
408 3528 578 3619 [absolvo]
623 3530 704 3595 Ace.
736 3551 763 3595 ο.
786 3529 841 3595 inf.
870 3550 977 3614 praes.
1007 3522 1076 3594 ὅσοι
1103 3526 1161 3610 μὲν
1188 3522 1282 3590 αύτδν
1310 3531 1373 3590 τῶν

120 3637 205 3699 θεῶν
226 3631 384 3699 ἀπέλυσαν
403 3633 448 3720 μή
472 3639 568 3720 φῶρα
588 3629 667 3698 εἶναι
688 3632 738 3716 ΙΙ,
764 3636 835 3715 174,
860 3635 910 3697 10.
954 3630 1066 3696 Huius
1092 3629 1261 3713 passivum
1284 3628 1373 3713 apud

121 3735 224 3802 Thuo·
246 3737 275 3820 I,
298 3741 338 3802 95
366 3732 516 3822 ἀπελύθη
536 3736 581 3825 μή
604 3735 721 3802 ἀδικεῖν
744 3741 777 3801 εί
799 3735 827 3819 Ι,
860 3739 931 3800 128.
975 3732 1079 3817 Apud
1102 3731 1285 3798 Homerum
1307 3753 1373 3797 non

119 3838 250 3922 legitur.

205 3941 387 4006 καταδέω
420 3940 636 4030 {condemno}
682 3942 764 4007 Aoo.
786 3962 813 4006 ο.
836 3940 894 4006 ius.
922 3960 1030 4023 praee.
1064 3933 1130 4004 ὅσοι
1158 3937 1195 4002 δέ
1220 3963 1275 4020 μιν
1302 3961 1372 4002 κατ·

122 4043 230 4129 ε’δησαν
252 4049 348 4129 φῶρα
368 4040 447 4111 εῖναι
470 4044 518 4127 ΙΙ,
541 4049 682 4128 174,13.
727 4043 939 4111 Oonsiruetio
962 4041 1136 4108 Herodoto
1156 4041 1292 4125 proprie
1314 4046 1372 4107 est.

205 4151 414 4243 ἀναιρέειν
445 4156 625 4238 [oraculum
656 4154 776 4244 edere}
821 4153 904 4221 Aoo.
929 4176 957 4220 ο.
979 4154 1038 4220 inf.
1061 4175 1168 4237 praes.
1197 4151 1250 4218 τόν
1279 4150 1374 4217 αάτύν

120 4262 229 4325 τοῦτον
247 4254 335 4345 ἥρωα
355 4256 498 4340 ἀναίρεον
520 4253 599 4326 εἶναι
622 4259 684 4341 VI,
706 4261 828 4344 69,17.
864 4257 945 4327 Dat.
970 4279 997 4323 ο.
1021 4257 1079 4323 inf.
1103 4256 1163 4323 fut.
1183 4256 1252 4338 ΙΧ,
1274 4259 1327 4338 33,
1343 4261 1372 4321 8.

206 4371 289 4437 Ace.
312 4392 340 4436 ο.
363 4370 420 4435 inf.
443 4392 551 4455 praes.
573 4371 602 4454 Ι,
624 4375 675 4454 13,
698 4375 718 4434 6
743 4366 905 4453 ἀναιρέειν,
928 4369 1016 4436 idem
1037 4391 1132 4452 usus,
1164 4367 1205 4434 ab
1223 4366 1374 4433 Homero

105 4472 249 4553 alienus,
272 4473 400 4555 legitur
419 4475 511 4559 apud
535 4473 640 4542 Thus.
661 4473 690 4559 I,
710 4477 761 4539 25.

176 4573 425 4658 καθλᾶθμαι
454 4577 624 4669 [glorior].
670 4577 739 4647 Inf.
768 4598 839 4645 aot.
870 4577 1000 4664 βασιλέα
1026 4572 1066 4640 αὖ
1094 4572 1262 4661 καυχήσεαι
1278 4567 1373 4658 irreq-
