2994 4822
653 206 864 266 -2ss..

216 365 269 447 ιδς
294 368 452 458 ἥκουσα.
498 371 582 437 Aac.
609 395 636 438 o.
664 372 722 437 inf.
754 395 861 457 praes.
891 369 937 450 οἷς
965 372 994 438 δ’
1014 372 1077 457 ἐγώ
1108 373 1270 463 ἥκουσα...
1300 370 1382 441 εἶναι

130 470 227 538 αότόν
241 470 491 559 Ἰδανθύρσου...
514 475 652 561 πάτρων,
675 476 775 541 παῖδα
791 476 824 541 δέ
843 471 923 541 εἶναι
938 475 1069 560 Ινοόρου
1085 475 1149 559 IV,
1173 483 1222 561 76,
1242 482 1380 545 25-26.

216 574 533 644 Circumlooutiones
561 579 653 646 verbi
676 579 777 663 λέγειν
803 584 893 644 sunt:
924 575 960 656 ὅς
980 598 1041 667 περ
1070 578 1190 664 λόγον
1219 579 1305 662 ἐχει
1325 582 1381 669 τήν

131 683 255 765 Πυθίην
282 676 449 745 ἅναττεῖοαι
475 680 518 763 V,
539 686 589 764 66,
612 685 642 746 4.
688 681 802 762 Διξοός
830 681 941 766 λόγους
968 682 1152 768 λεγομένους
1179 705 1252 748 cum
1281 680 1327 762 ὦς
1348 691 1383 751 et

131 782 232 848 verbo
260 781 354 849 finito
377 783 446 865 IX,
477 788 526 866 74,
556 789 583 851 3.
631 783 791 851 Similiter
820 783 885 866 ἐχει
916 807 990 850 cum
1012 785 1108 874 φάτιν
1129 792 1164 852 et
1182 786 1285 875 αἰτίην
1307 808 1382 853 oon·

131 885 289 951 iunctum.

217 987 338 1073 λόγος
358 989 445 1071 ἐχει
467 1011 540 1056 oum
562 1011 629 1056 acc.
649 1012 676 1056 o.
694 990 751 1058 inf.
771 1013 838 1057 aer.
861 991 945 1073 VII,
969 997 1019 1076 26,
1044 996 1094 1059 17.
1132 992 1227 1059 Haeo
1244 993 1381 1060 circum·

131 1090 308 1159 locutionis
335 1093 442 1159 forma
463 1101 524 1178 per
545 1095 783 1161 nominativum
804 1093 894 1159 diota
916 1093 1123 1180 frequentior
1151 1102 1211 1163 est.
1257 1096 1382 1163 Similis

131 1197 334 1263 constructio
358 1219 433 1262 oum
456 1195 552 1285 φάτις
571 1195 653 1280 VII,
678 1202 707 1280 3,
727 1203 745 1262 6
766 1202 887 1264 cetera.

217 1300 300 1381 68,
333 1300 476 1369 Verba
505 1299 678 1366 dicendi
703 1300 783 1367 duo
813 1321 940 1384 saepe
973 1300 1242 1369 abundanter
1267 1303 1384 1370 inter

132 1419 174 1465 se
196 1403 531 1487 coniunguntur,
556 1408 595 1468 ut

217 1503 293 1591 ἐφη
315 1507 449 1591 λέγων.
495 1505 560 1571 Inf.
590 1527 696 1591 praee.
727 1503 789 1592 ἐφη
817 1507 915 1591 λέγων
934 1506 1119 1594 Μαιανδρίῳ
1147 1507 1255 1574 θέλειν
1276 1505 1383 1594 ἐλθεῖν

112 1604 164 1684 ἐς
180 1605 291 1692 λόγους
310 1608 379 1691 ΙΙΙ,
404 1613 475 1693 145,
499 1615 529 1674 6.
551 1608 594 1692 V,
617 1613 667 1692 36,
692 1613 742 1674 12.

217 1710 282 1776 Inf.
305 1712 388 1796 perf.
411 1718 445 1778 et
464 1711 523 1778 inf.
547 1734 655 1796 praes.
678 1710 788 1794 (Nom.
812 1733 840 1777 c.
862 1711 935 1794 inf.)
957 1712 1006 1794 H,
1031 1716 1102 1794 172,
1127 1716 1263 1781 18-19.

217 1812 337 1899 λόγον
367 1813 558 1899 λέγοντες
586 1819 693 1900 φασί.
744 1814 827 1880 Aoo.
860 1836 888 1880 c.
915 1813 972 1880 inf.
1003 1836 1071 1880 aor.
1104 1819 1137 1880 et
1157 1804 1382 1902 ρεεεοζλόγον

133 1917 274 2001 λέγοντες
294 1922 374 2004 φασί
393 1940 426 1984 σε
447 1918 553 1983 ἐλθεῖν
573 1956 616 1967 -
636 1920 688 1984 καὶ
708 1916 763 2001 ἐμὲ
781 1912 861 1983 εἶναι
882 1917 944 2000 VI,
969 1924 1020 2001 68,
1045 1921 1159 1984 9-10.

216 2020 333 2087 τόνδε
359 2022 480 2106 λόγον
509 2023 673 2106 λέγουσι
700 2020 855 2108 ἐφασαν
887 2043 961 2087 cum
990 2042 1055 2086 aoc.
1085 2044 1112 2088 o.
1135 2021 1193 2086 inl.
1217 2043 1296 2105 eor,
1323 2021 1379 2088 inf.

132 2145 239 2208 praes.
264 2125 415 2210 simplici,
439 2130 473 2190 et
491 2147 559 2191 acc.
587 2147 613 2191 o.
636 2124 695 2190 inf.
717 2146 823 2208 praes.
846 2124 894 2206 Π,
915 2128 965 2206 54,
987 2129 1080 2189 2-6.
1124 2123 1238 2191 Simile
1261 2130 1312 2190 est

218 2226 340 2312 λόγον
369 2227 485 2294 τόνδε
515 2226 780 2313 ἐπιλέγοντες
809 2249 909 2313 φασι
938 2249 1011 2294 cum
1035 2249 1102 2293 acc.
1134 2249 1161 2294 o.
1185 2226 1243 2293 inf.
1277 2248 1383 2310 praes.

132 2329 276 2415 11156,
302 2336 352 2398 11.

219 2433 347 2521 ἐφησε
369 2435 409 2500 ἐν
431 2447 539 2501 τοῖσι
562 2434 726 2519 λόγοισι
748 2431 877 2518 λέγων
897 2430 1021 2510 ἆδίκως.
1065 2432 1149 2500 Aoo.
1176 2455 1203 2498 o.
1232 2430 1290 2498 inf.
1317 2453 1385 2497 aor.

135 2543 170 2603 et
191 2558 299 2620 praes.
323 2536 420 2624 ἔφησε
439 2537 472 2602 ἐν
493 2549 574 2604 τοῖσι
602 2536 723 2624 λόγοισι
752 2538 851 2621 λόγων
879 2532 1046 2614 υἷδίυως...
1081 2536 1165 2618 [νοός
1191 2532 1385 2624 Ἀθηναίους]

134 2644 241 2726 λαβεῖν
262 2639 384 2728 φθόνον
405 2664 438 2705 τε
460 2641 513 2706 καὶ
541 2639 650 2726 ἵμερον
678 2647 735 2728 τῆς
751 2647 816 2727 γῆς,
846 2641 899 2705 καὶ
920 2636 1002 2706 οὕτω
1028 2638 1201 2718 ἐξελαύνειν
1221 2637 1384 2716 αὐτούς...

134 2744 208 2822 τοδς
227 2741 409 2831 Ἀθηναίους
429 2743 491 2828 VI,
516 2749 587 2827 137,
611 2747 725 2811 5-12.

219 2848 332 2931 λέγει
354 2846 440 2933 φάς.
470 2848 552 2912 Aoo.
577 2868 603 2912 c.
626 2846 684 2913 inf.
707 2869 814 2931 praes.
844 2848 929 2932 λέγει
957 2844 987 2911 δ’
1008 2837 1054 2911 ὦν
1080 2852 1176 2933 τριοῖν
1196 2851 1303 2932 μηνοῖν
1324 2843 1388 2929 φὰς

135 2945 213 3016 εἶναι
235 2951 290 3037 τήν
312 2948 422 3016 ἄνοδον
445 2950 487 3034 V,
511 2953 561 3031 50,
578 2955 607 3015 9.
630 2949 693 3033 IV,
716 2954 769 3033 43,
783 2956 834 3033 22,
857 2950 971 3016 sedin
994 2948 1084 3014 linea
1106 2950 1146 3011 25
1165 2948 1386 3014 nominativus

136 3054 273 3138 pluralis
295 3051 385 3118 αὐτοί
412 3075 485 3118 cum
513 3051 675 3119 infinitivo
706 3054 856 3138 sequitur
881 3058 960 3136 post
979 3051 1180 3134 singularem
1205 3048 1292 3134 ἐλεγε
1314 3049 1386 3136 φάς,

137 3179 211 3223 oum
241 3156 401 3241 Sataspe's
429 3156 589 3241 loquatur
617 3161 650 3222 et
680 3157 720 3222 de
750 3177 785 3222 se
812 3157 885 3239 ipso
916 3163 949 3222 et
972 3155 1012 3221 de
1035 3154 1141 3231 sociis,
1176 3154 1235 3219 sed
1263 3154 1298 3217 in
1322 3153 1386 3219 alio

136 3259 326 3326 huiusmodi
349 3260 499 3343 exemplo
522 3280 590 3325 aco.
614 3282 641 3325 o.
664 3258 722 3324 inf.
745 3259 873 3342 positus
897 3264 964 3325 est:
996 3256 1099 3340 VHI,
1123 3261 1174 3340 65,
1199 3261 1313 3322 7-33.
1345 3256 1386 3339 V,

137 3367 187 3446 18,
211 3367 250 3428 21
281 3362 397 3452 [ἐλεγεν
418 3362 580 3450 ordumel.
610 3361 672 3445 IV,
697 3366 748 3444 33,
771 3365 921 3426 4-5-8
944 3361 1133 3426 accusativo
1157 3359 1387 3426 subintellecto

135 3470 314 3550 -16-11,
346 3488 445 3551 saepe
469 3472 597 3532 mutato
626 3465 775 3531 subiecto
807 3463 940 3552 [λέγουσι
969 3464 1126 3549 φάμενοι].
1171 3463 1212 3528 In
1234 3463 1324 3528 linea
1348 3466 1385 3526 11

137 3592 205 3635 acc.
229 3592 257 3635 c.
281 3571 338 3635 inf.
361 3592 429 3635 aor.
455 3569 561 3635 oratio
586 3569 797 3635 continuatur
819 3590 879 3651 per
901 3566 1036 3632 verbum
1060 3568 1189 3652 λέγουσι.
1370 3648 1372 3654 Ι

221 3672 287 3739 Inf.
316 3694 424 3757 praes.
455 3672 593 3756 simplex
621 3678 699 3756 post
719 3669 806 3754 ἐλεγε
827 3669 893 3756 φός
912 3668 942 3750 Ι,
967 3673 1039 3752 122,
1064 3676 1082 3733 6
1107 3668 1320 3758 [εἰδέναι]-8.
1343 3668 1385 3751 V,

139 3777 188 3858 18,
211 3779 262 3840 21.

221 3878 285 3943 Inf.
306 3877 387 3961 perf.
413 3900 480 3944 aor.
503 3900 610 3962 praes.
632 3878 662 3960 Ι,
685 3882 756 3959 122,
781 3879 960 3942 1-8-16.

223 3979 337 4060 ἐλεξε
356 3979 548 4066 φάμενος.
571 3980 655 4046 Acc.
676 4002 703 4046 o.
725 3978 782 4044 inf.
806 3999 914 4062 praes.
938 3977 1000 4059 VI,
1023 3982 1074 4059 82,
1098 3981 1278 4042 6-7-11.

222 4081 335 4163 ἐλεξε
358 4082 479 4168 λόγον
501 4084 589 4170 φάς.
617 4084 700 4150 Aoc.
724 4106 751 4152 c.
774 4081 832 4148 inf.
857 4103 965 4165 praes.
990 4087 1023 4148 et
1045 4103 1115 4147 acc.
1136 4104 1163 4147 c.
1187 4080 1244 4146 inf.
1269 4103 1336 4146 aor.
1359 4080 1387 4164 I,

139 4191 211 4271 141,
234 4189 329 4250 5-9.

222 4290 298 4356 Hae
319 4287 444 4354 formae
472 4290 677 4372 pleonastioe
706 4289 748 4354 ab
770 4288 946 4357 Herodoto
973 4292 1176 4371 usurpantur
1198 4287 1285 4353 etin
1307 4285 1389 4350 obli-

138 4416 204 4476 qua
226 4393 376 4460 oratione
406 4397 440 4458 et
461 4392 496 4458 in
517 4399 611 4461 recta
636 4392 679 4458 ad
699 4392 800 4458 verba
822 4391 990 4476 loquentis
1022 4412 1096 4456 oum
1124 4389 1286 4473 gravitate
1309 4411 1390 4472 qua-

114 4492 196 4552 dam
215 4494 480 4581 introducenda,
513 4502 551 4563 ut
568 4495 597 4581 Ι,
624 4499 697 4582 114,
722 4498 870 4579 24118,
895 4501 925 4561 7.
948 4499 1021 4577 122,
1045 4499 1064 4558 6
1086 4499 1205 4558 cetera.
1249 4491 1304 4557 Ne
1327 4491 1391 4556 At·

104 4584 175 4648 'r'cis
200 4592 345 4670 quidem
367 4599 510 4682 ignotus
534 4602 592 4669 hic
618 4625 711 4688 usus,
734 4601 837 4671 Dem.
859 4598 973 4686 ΧΙΙΙ,
990 4602 1069 4664 litt·
