2994 4822
640 206 852 267 „27-

207 375 278 454 §9-
321 371 544 438 Interdum
574 372 628 439 fit
649 374 861 439 transitio
894 372 943 438 ab
964 373 1163 440 oratione
1185 376 1305 436 recta
1328 372 1371 435 in

124 472 340 558 obliquam
381 476 495 541 inter
539 476 816 559 narrandum,
864 475 983 541 nullo
1024 476 1153 541 verbo
1195 473 1371 540 dicendi

123 578 338 661 apposito,
366 586 419 644 ut:
452 579 611 644 Χίλων...
642 579 839 663 συνεβούλευε
865 575 1113 664 Ἱπποκράτεϊ...
1144 577 1244 644 οὔκων
1271 584 1372 641 ταῦτα

124 686 362 764 παραινέσαντος
382 683 527 760 Χίλωνος
552 687 726 750 πείθεσθαι
747 684 854 749 θέλειν
875 684 928 748 τόν
946 679 1153 765 Ἱπποκράτεα
1173 685 1318 766 γενέσθαι
1339 679 1373 745 οἱ

122 785 200 866 μετα
229 792 327 849 ταῦτα
346 784 400 850 τὸν
424 790 642 871 Πεισίστρατον
664 794 726 853 cet.
747 787 776 869 Ι,
803 791 853 869 59,
886 791 1021 852 12-14.
1065 785 1108 851 In
1131 786 1195 851 hoc
1219 783 1370 867 exemplo

123 909 221 954 causa
246 889 430 954 sententiae
453 890 632 973 primariae
658 912 724 957 non
749 912 809 973 per
837 891 1033 956 sententiam
1066 889 1265 973 pendentem
1295 885 1371 951 sub-

75 1040 81 1049 .
121 992 233 1057 iuncta
254 998 314 1073 est,
337 992 396 1058 sed
418 992 467 1058 ita
488 993 679 1077 praemissa,
700 998 738 1058 ut
760 994 925 1059 sententia
951 994 1111 1077 primaria
1138 993 1206 1058 sine
1236 993 1370 1058 coniun-

122 1097 229 1162 ctione
252 1102 417 1179 sequatur.
449 1095 622 1161 Eiusmodi
644 1102 841 1178 parataxeos
864 1097 1022 1180 exempla,
1041 1097 1183 1162 sermoni
1204 1096 1370 1161 cotidiano

121 1199 282 1282 imprimis
311 1204 457 1282 accepta,
482 1198 572 1282 apud
593 1196 801 1265 Herodotum
824 1201 1013 1284 saepissime
1036 1207 1221 1266 occurrunt.
1266 1197 1294 1279 Ι,
1318 1202 1369 1280 86,

124 1305 244 1367 13-41
278 1303 386 1367 oratio
417 1300 551 1385 obliqua
573 1302 607 1365 in
628 1302 716 1367 linea
747 1307 786 1367 25
810 1303 998 1388 interrupta
1019 1303 1054 1367 in
1076 1302 1165 1368 linea
1187 1306 1227 1367 32
1258 1301 1299 1367 de
1320 1301 1369 1365 in·

123 1411 215 1488 tegno
229 1405 413 1471 incohatur.
454 1404 496 1469 In
513 1404 573 1469 boc
589 1406 697 1491 capite
714 1404 851 1471 verbum
872 1405 1002 1471 dicendi
1020 1407 1209 1489 appositum
1227 1426 1291 1470 non
1311 1409 1370 1486 est,

123 1507 179 1573 sed
202 1509 237 1572 in
260 1508 366 1590 prima
384 1508 474 1573 linea
496 1507 615 1591 capitis
639 1500 880 1592 subsequentis,
904 1530 969 1593 quo
992 1508 1108 1575 eadem
1130 1509 1273 1574 narratio
1296 1529 1371 1572 con·

123 1611 276 1692 tinuatur,
305 1609 350 1689 ur‘g
369 1612 493 1696 λέγεται
514 1607 579 1675 ὑπὸ
601 1610 715 1676 Λυδῶν
740 1610 864 1676 dictum
887 1618 948 1693 est,
969 1611 1058 1696 quod
1080 1612 1167 1678 idem
1187 1613 1221 1677 in
1239 1631 1371 1696 praece·

124 1714 211 1780 denti
234 1713 343 1798 capite
365 1713 584 1797 supplendum
607 1720 666 1779 est.
689 1712 737 1795 Π,
758 1718 829 1795 127,
856 1718 904 1780 10.
930 1719 1001 1796 162,
1027 1719 1161 1783 16-27.
1183 1715 1252 1798 ΙΠ,
1276 1718 1326 1797 18,
1353 1718 1369 1777 1

125 1813 296 1904 ήτράπεζα
316 1824 373 1882 τοῦ
395 1813 482 1905 ήλίοο
504 1816 609 1903 τοιήδε
627 1840 674 1894 τις
693 1818 817 1901 λέγεται
838 1813 925 1896 εἶναι,
947 1819 1065 1885 deinde
1083 1820 1233 1903 sequitur
1254 1815 1372 1900 λειμών

124 1919 183 1986 ἐστι
206 1927 318 1987 cetera
341 1943 414 1984 cum
436 1919 535 1986 verbo
559 1919 661 2003 finito,
691 1920 749 1986 sed
773 1922 806 1985 in
824 1921 913 1988 linea
935 1926 956 1987 4
978 1924 1084 1989 oratio
1111 1923 1146 1987 in
1168 1943 1235 1987 acc.
1266 1943 1293 1987 ο.
1314 1918 1372 1984 inf.

125 2025 249 2106 transit,
278 2025 400 2107 λέγουσι
428 2022 527 2089 facile
555 2023 722 2089 intellecto
753 2046 771 2090 e
800 2027 1084 2108 praecedentibus.
1128 2025 1170 2090 In
1192 2025 1245 2090 his
1265 2022 1372 2088 Hero-

127 2125 217 2192 dotus
239 2129 421 2193 orationem
441 2132 577 2208 rectam,
600 2146 676 2190 mox
698 2128 880 2195 orationem
898 2130 1065 2214 obliquam
1083 2151 1158 2195 oum
1174 2129 1235 2193 hac
1250 2127 1372 2193 discre-

125 2232 235 2313 pantia
257 2232 375 2314 posuit,
399 2236 437 2296 ut
459 2230 518 2295 illa
539 2251 608 2294 rem
630 2251 707 2295 vere
728 2229 852 2297 factam
874 2233 1064 2316 patefaciat,
1088 2232 1170 2297 baec
1188 2253 1259 2297 rem
1281 2232 1328 2296 ita
1351 2253 1373 2296 a

124 2353 157 2398 se
180 2341 348 2400 narratam
375 2341 414 2399 ut
442 2356 482 2399 ex
511 2334 585 2399 aliis
616 2334 751 2417 audivit,
782 2357 849 2401 non
875 2337 946 2420 ipse
973 2336 1063 2419 vidit,
1093 2337 1270 2400 transitum
1292 2355 1371 2398 vero

123 2436 216 2520 facit,
249 2438 341 2504 nullo
372 2437 502 2503 dicendi
531 2437 631 2504 verbo
663 2440 825 2522 apposito.
868 2439 937 2522 III,
969 2444 1019 2522 14,
1041 2443 1093 2504 44.
1103 2442 1133 2520 *)
1165 2442 1216 2518 23,
1239 2442 1267 2501 7.
1299 2439 1371 2517 105,

123 2544 235 2607 5-11.
270 2545 341 2624 124,
380 2546 419 2606 10
452 2542 550 2608 verbo
584 2541 717 2608 dicendi
746 2542 913 2609 intellecto
944 2567 961 2610 e
991 2541 1205 2628 praecedenti
1237 2535 1372 2627 ἠρήσατο

120 2641 181 2725 IV,
206 2647 234 2725 7,
258 2636 374 2708 3-1οῘ
403 2647 454 2725 81,
479 2650 498 2709 3
521 2642 622 2709 verbo
645 2645 768 2728 λέγουσι
790 2645 841 2710 vel
863 2647 986 2729 λέγεται
1019 2644 1117 2710 facile
1140 2642 1371 2709 subintellecto

122 2768 139 2812 e
166 2747 378 2831 praecedenti
405 2748 516 2832 λόγους
540 2745 656 2835 ήκουον.
692 2748 756 2831 IV,
787 2752 859 2831 167,
890 2754 920 2813 3.
951 2752 1022 2829 203,
1048 2753 1076 2811 7.
1104 2746 1147 2827 V,
1171 2750 1222 2827 80,
1246 2748 1371 2810 12ψ16

121 2848 288 2933 praecedit
318 2842 399 2939 ἦλθε
427 2853 577 2938 μαντήιον
605 2851 668 2934 VI,
693 2857 742 2934 76,
767 2858 850 2917 5-6
874 2852 1040 2919 sententia
1060 2850 1290 2933 parenthetica
1312 2869 1373 2931 per

120 2953 180 3039 γάρ
202 2975 331 3019 annexa
352 2956 458 3020 oratio
482 2954 619 3039 obliqua
642 2956 863 3038 continuatur,
887 2978 927 3022 ex
951 2956 1073 3039 leynam
1096 2974 1266 3035 suspensa.
1299 2953 1370 3031 109,

120 3060 149 3121 3.
174 3055 257 3138 VII,
280 3061 351 3139 149,
374 3060 414 3123 21
438 3070 604 3142 προειπεῖν
622 3058 850 3143 praecedente.
875 3063 947 3141 239,
964 3062 1015 3123 23.
1038 3054 1141 3137 VIII,
1158 3059 1209 3135 61,
1230 3058 1279 3118 ll.
1302 3051 1370 3135 IX,

122 3163 191 3240 τοι,
217 3165 245 3224 7.
255 3161 297 3242 **)

119 3318 322 3327 ——-.

126 3472 129 3479 ,
187 3417 215 3483 *>
233 3414 290 3483 ΙΠ,
309 3419 350 3482 14,
367 3416 402 3468 44
419 3417 503 3466 ταῦτα
522 3413 598 3470 ὠς...
618 3412 815 3478 ἀπενειχθέντα
830 3415 1003 3475 ὑπὸτούτου,
1022 3408 1051 3465 εὖ
1063 3410 1165 3466 δοκέειν
1178 3434 1224 3483 σφι
1236 3414 1372 3480 εἰρῆσθαι.

118 3499 153 3554 Iu
171 3501 224 3555 hoc
242 3502 370 3572 exemplo
392 3499 669 3571 Schweighaeuserus
688 3501 724 3556 cte
742 3519 804 3556 cum
822 3502 971 3572 participio
990 3502 1169 3556 coniunctum
1181 3503 1269 3570 putat.
1305 3498 1372 3552 Till-

118 3604 214 3640 mauus
232 3587 416 3655 (Fleckeisens
435 3585 629 3654 „Jahrbiicber
646 3587 698 3641 der
714 3586 897 3657 Philologie“,
923 3589 998 3652 1865,
1021 3607 1049 3658 p.
1067 3589 1131 3656 274)
1155 3589 1246 3639 mutat
1272 3581 1372 3636 ἀνενει-

117 3675 222 3736 χθέντα
242 3675 271 3728 in
290 3672 496 3738 ἀνενειχθῆναι,
520 3673 645 3727 oratione
669 3678 746 3727 recta
763 3672 822 3727 aine
839 3673 927 3727 verbo
946 3672 1057 3728 dicendi
1075 3675 1102 3727 in
1122 3672 1263 3740 obliquam
1284 3675 1373 3724 trans·

118 3760 215 3828 posits,
231 3766 262 3813 ut
279 3777 362 3830 saepe
381 3760 456 3829 apud
468 3759 646 3813 Herodotum
663 3758 704 3814 fit.
739 3757 817 3826 Quae
834 3763 928 3812 tamen
945 3760 1063 3814 mutatio
1081 3757 1228 3812 violentior
1245 3756 1313 3811 mihi
1331 3756 1371 3810 vi·

117 3845 208 3901 detur.
242 3845 341 3900 Potius
360 3844 469 3900 Steinio
489 3846 623 3900 assentior
647 3845 796 3899 arbitranti
820 3845 955 3899 excidisse
979 3863 1076 3899 vocem
1100 3845 1235 3913 aliquam,
1259 3844 1370 3912 qualem

118 3930 241 4000 ἤκουσαν,
265 3932 433 3985 infinitivum
456 3949 524 3985 vero
542 3927 644 3982 δοκέειν
661 3931 815 3985 secundum
839 3949 918 3985 usum
936 3931 1014 3986 illum
1032 3931 1107 4002 apud
1125 3930 1302 3984 Herodotum
1319 3929 1373 3982 ire·

118 4018 328 4084 quentissimum
347 4017 382 4070 ab
401 4020 526 4072 oratioue
544 4021 620 4070 recta
631 4017 660 4070 in
673 4017 814 4085 obliquam
827 4017 988 4070 transeundi
1000 4017 1106 4071 dictum
1121 4033 1188 4070 esse.
1223 4014 1373 4069 Abichtius

118 4120 227 4172 quoque
243 4105 272 4157 in
284 4102 424 4174 Philologi
441 4104 582 4157 volumine
595 4103 631 4169 X,
644 4121 670 4172 p.
688 4104 740 4156 565
758 4102 894 4171 quaedam
912 4101 1007 4155 deesse
1024 4103 1100 4157 dicit.
1129 4102 1263 4156 Baehrius
1276 4105 1374 4156 contra

118 4188 187 4242 nihil
205 4190 300 4244 deesse
319 4193 421 4254 censet,
439 4189 489 4245 sed
506 4206 558 4260 pro
577 4194 624 4259 opt
640 4187 818 4243 scribendum
836 4191 917 4258 putat
935 4189 960 4238 oi
978 4187 1022 4257 [„e
1041 4188 1168 4244 Medioeo
1184 4187 1295 4258 libro“].

185 4277 226 4345 **)
244 4276 292 4329 Ad
310 4275 379 4329 hacc
392 4274 428 4340 V,
440 4277 512 4342 85,5
530 4287 600 4327 τοῖσι
618 4271 647 4326 δὲ
663 4273 800 4344 Ἀργείοισι
818 4277 863 4324 καὶ
880 4286 950 4325 color
967 4274 1123 4343 Αἰγινήτῃσι
1141 4278 1185 4326 καὶ
1201 4272 1270 4344 πρὸς
1286 4277 1373 4328 ταῦτα

119 4360 158 4410 ἔτι
176 4357 236 4412 τόδε
253 4363 365 4428 ποιῆσαι
390 4359 475 4427 νόμον
500 4359 570 4412 εἶναι
593 4359 667 4432 παρὰ
687 4365 768 4429 σφίσι,
805 4359 861 4415 Hic
884 4361 960 4415 locus
984 4361 1066 4430 plane
1091 4363 1239 4432 corruptus
1266 4364 1321 4425 ost,
1345 4366 1374 4417 el

118 4463 188 4514 quae
215 4465 290 4503 nunc
315 4448 475 4502 scribuntur
502 4446 578 4501 nullo
603 4448 685 4502 ruodo
713 4445 833 4516 intelligi
865 4449 988 4516 possunt.
1025 4444 1149 4502 Steinius
1173 4445 1277 4501 conicit
1302 4440 1373 4505 ἔδοξε

118 4529 186 4600 [sive
205 4527 300 4603 &liful
336 4532 472 4589 Bsebrius
490 4535 519 4588 et
536 4532 688 4589 Abicbtius
706 4533 837 4607 supplent
854 4529 958 4602 λέρεται
978 4548 1012 4585 ex
1029 4533 1121 4603 capite
1141 4535 1175 4587 87
1193 4537 1224 4586 et
1240 4530 1380 4585 omittunt

111 4623 160 4667 nai
173 4619 251 4684 (auto
267 4615 346 4692 κρᾶε)
364 4624 393 4677 et
411 4621 460 4678 lu.
497 4619 601 4679 Steinii
619 4622 788 4681 coniectura
803 4620 930 4678 mamma
944 4616 1110 4692 probatura
1121 4617 1252 4672 ananan„
