2994 4822
132 755 352 884 Multorum
376 820 574 903 scriptorum
600 842 694 885 usum
725 821 877 887 infinitivi
898 825 957 888 viri
986 825 1075 891 docti
1105 820 1382 915 examinaverunt,

130 922 296 1005 quomodo
327 923 368 986 ab
399 945 598 1007 unoquoque
628 931 806 1008 usurpatus
837 926 895 1008 sit,
926 925 1155 994 Herodotenm
1177 953 1254 997 vero
1277 955 1381 1020 nsum,

129 1037 288 1111 ‹puantum
318 1026 452 1111 quidem
484 1028 571 1109 scio,
605 1050 700 1093 nemo
734 1027 842 1093 adhuc
872 1033 1036 1097 tractavit.
1046 1032 1078 1118 *)
1126 1032 1243 1118 Neque
1272 1042 1381 1103 tamen

129 1132 280 1215 indiguus
303 1139 353 1196 est
372 1130 428 1196 ille
447 1130 558 1196 studio
584 1136 617 1196 et
637 1152 754 1214 opera,
785 1131 903 1196 etenim
923 1131 1116 1200 Herodotus
1137 1134 1298 1207 infinitivo
1316 1160 1382 1206 non

128 1238 233 1300 solum
267 1236 399 1318 saepius
432 1256 510 1302 usus
539 1242 591 1300 est
619 1255 720 1320 quam
750 1236 869 1317 ceteri,
903 1235 962 1302 sed
991 1238 1089 1303 etiam
1117 1240 1317 1322 peculiarem
1347 1245 1380 1309 in

127 1339 267 1403 modum.
310 1337 375 1403 His
397 1337 566 1403 decausis
589 1359 650 1421 ego
673 1340 848 1421 constitui,
877 1361 1077 1424 quamquam
1106 1341 1149 1407 ad
1171 1343 1233 1408 hoc
1252 1350 1379 1412 tantum

127 1466 206 1527 opus
238 1466 354 1527 parum
385 1442 536 1526 sufficere
558 1442 643 1506 vires
665 1463 756 1508 meas
783 1464 847 1507 non
869 1443 1000 1526 ignoro,
1031 1447 1181 1529 exempla
1203 1448 1312 1515 omnia
1332 1450 1379 1514 in-

126 1548 243 1612 finitivi
267 1544 455 1613 Herodotei
485 1550 518 1610 et
544 1545 615 1611 sine
634 1543 784 1611 subiecto
808 1551 841 1609 et
870 1566 943 1610 cum
973 1550 1163 1615 accusativo
1185 1550 1287 1634 positi
1317 1553 1380 1618 col·

124 1652 224 1734 ligere
247 1661 280 1717 et
303 1649 514 1735 perscrutari.
559 1647 663 1715 Usum
687 1646 917 1714 Herodotenm
940 1656 1070 1716 etcum
1091 1650 1271 1718 Homerico
1293 1675 1378 1720 com·

124 1756 250 1838 parabo
282 1762 411 1819 etcum
435 1754 552 1819 Attico
583 1773 684 1836 qnam
705 1752 847 1818 maxime
867 1760 1001 1838 potero,
1030 1754 1116 1821 unde
1145 1777 1379 1840 cognoscemus

123 1858 340 1940 Herodotum,
364 1864 401 1924 ut
422 1864 514 1923 aetas
537 1855 607 1921 eius
625 1855 734 1922 medin
754 1860 828 1920 erat
842 1856 930 1922 inter
947 1856 1157 1924 Homericam
1173 1866 1207 1925 et
1218 1859 1378 1945 Atticam,

123 1963 169 2025 sic
186 1963 285 2026 etiam
301 1963 430 2027 ratione
448 1965 586 2043 arteque
605 1958 736 2024 dicendi
752 1959 896 2024 medinm
912 1959 1077 2045 quendam
1092 1961 1201 2027 locum
1220 1963 1378 2034 obtinere.

207 2064 279 2130 Iam
298 2065 380 2129 mihi
396 2065 429 2128 in
445 2064 507 2129 hac
523 2062 755 2128 dissertatione
765 2084 871 2146 neque
887 2064 1092 2147 propositum
1103 2071 1154 2130 est
1168 2066 1377 2153 investigare,

123 2169 242 2252 quibus
272 2168 312 2233 de
343 2168 451 2232 causis
474 2165 671 2232 Herodotus
697 2164 894 2231 infinitivum
917 2173 986 2232 tam
1016 2168 1229 2252 singulariter
1249 2172 1377 2257 diligat,

122 2293 228 2356 oeque
253 2271 293 2336 de
314 2271 421 2337 forma
441 2271 658 2354 grammatica
680 2269 833 2336 infinitivi
846 2268 1031 2336 Herodotei
1048 2270 1273 2355 disputaturus
1295 2297 1377 2360 sum,

122 2375 180 2440 sed
211 2375 251 2441 de
273 2375 520 2441 constructione
548 2373 620 2440 sola
643 2373 743 2439 verba
772 2371 929 2438 facturus.
972 2373 1025 2439 De
1047 2376 1203 2442 universa
1224 2377 1378 2446 infinitivi

122 2486 242 2543 natura
264 2480 344 2543 satis
366 2477 473 2543 habeo
495 2476 604 2543 dicere
626 2498 679 2542 me
710 2476 908 2542 sententiam
931 2475 1040 2542 Curtii
1060 2476 1378 2566 [Schnlgrammotik

121 2586 138 2662 ξ
168 2587 230 2645 566
261 2585 362 2647 Anm.
395 2587 430 2662 1,
465 2588 499 2646 et
527 2579 792 2662 Erlitnterungen
820 2601 876 2663 pp.
909 2579 1091 2669 199-202]
1121 2582 1163 2648 ab
1190 2583 1378 2652 Albrechto

122 2685 243 2774 [Curtii
263 2684 404 2750 Studien
426 2682 492 2772 IV]
515 2684 683 2750 defensam
705 2683 883 2766 accepisse.
921 2681 986 2751 Sed
1011 2705 1084 2749 cnm
1107 2706 1202 2751 usum
1225 2686 1377 2755 infinitivi

121 2789 349 2854 Herodotenm
368 2795 436 2853 tam
459 2786 604 2871 amplum
628 2793 662 2852 et
684 2787 811 2851 varium
831 2807 902 2852 esse
920 2793 1087 2870 appareat,
1105 2795 1144 2854 nt
1157 2792 1264 2874 spatio
1280 2792 1376 2859 unius

120 2892 361 2957 dissertationis
384 2891 494 2956 omnia
508 2889 682 2974 complecti
700 2911 795 2956 nemo
817 2890 933 2973 possit,
957 2892 1113 2957 constitui
1130 2892 1193 2958 hoc
1216 2894 1376 2978 opusculo

120 2996 381 3079 disputationem
404 2993 445 3060 de
461 2992 623 3058 infinitivo
643 3013 709 3057 non
727 3014 856 3061 omnem
875 2992 1056 3076 absolvere,
1074 2994 1133 3060 sed
1150 3017 1200 3078 ea,
1218 3019 1303 3081 quoe
1325 3019 1375 3064 re·

118 3098 210 3181 liqna
231 3105 319 3180 sunt,
343 3098 400 3163 alii
423 3097 589 3162 occasioni
610 3117 789 3162 reservare.
832 3096 954 3162 Restat
975 3097 1074 3178 igitur
1095 3098 1276 3166 infinitivus
1297 3109 1376 3184 post

119 3202 219 3265 verba
250 3202 443 3281 voluntatis3
474 3207 550 3285 post
578 3198 678 3265 verba
706 3201 877 3283 potentiae
906 3199 1055 3286 (δύναμαι
1084 3202 1179 3288 cet.);
1212 3211 1289 3287 post
1317 3204 1373 3271 ad·

117 3306 251 3383 iectiva3
276 3312 353 3388 post
369 3310 445 3389 πρίν
458 3305 602 3387 positus3
622 3301 804 3370 infinitivus
819 3325 893 3369 cnm
908 3302 948 3370 ἄν
964 3305 1176 3386 coniunctns3
1191 3306 1374 3374 infinitivus

116 3409 345 3473 consecutivus
361 3402 454 3494 (ὥστε
475 3407 546 3492 -);
568 3405 750 3472 infinitivus
764 3429 825 3491 pro
841 3409 1035 3493 imperativo
1051 3416 1246 3492 usurpatus;
1268 3410 1372 3477 infini-

116 3513 202 3574 tivus
226 3532 301 3575 cum
324 3510 467 3576 articulo
490 3510 637 3594 positus3
659 3509 840 3576 infinitivus
864 3512 1102 3595 epexegeticns.

201 3612 356 3679 Ceterum
376 3613 434 3680 ubi
455 3634 535 3678 usus
557 3612 758 3679 Homericus
784 3620 819 3679 et
839 3615 976 3680 Atticus
996 3636 1069 3680 curn
1092 3637 1152 3680 usu
1176 3613 1371 3689 Herodoteo

116 3725 357 3800 comparantur,
378 3739 438 3801 per
455 3716 602 3781 litteram
621 3724 689 3791 „A”
709 3716 902 3798 significabo
923 3718 1066 3801 aliquam
1090 3720 1369 3787 constructionem

115 3820 202 3904 apud
223 3821 360 3884 Atticos
381 3820 457 3903 logi,
481 3841 541 3902 per
562 3818 707 3884 litteram
731 3828 793 3894 ‚H‘
816 3842 888 3886 eam
912 3819 1122 3886 Homericam
1145 3843 1225 3888 esse.

201 3922 413 3988 Editionibns
436 3930 512 3988 utor
540 3922 676 4002 Steinii,
706 3943 902 4009 semperque
925 3945 999 3988 enm
1023 3944 1173 3990 versuum
1198 3949 1368 3994 nnmerum

112 4027 277 4107 iudicabo,
299 4028 355 4109 qni
378 4033 429 4091 est
451 4028 483 4091 io
507 4025 648 4090 editione
671 4027 807 4091 minore.

199 4268 224 4332 *l
243 4264 393 4334 Postquam
412 4265 480 4319 hoec
497 4265 602 4334 scripte
618 4268 691 4329 suvrt,
709 4262 801 4318 editus
819 4268 862 4320 est
879 4264 988 4318 libellus
1007 4263 1143 4320 Ludovici
1162 4267 1381 4321 Heumann&

112 4351 147 4404 de
165 4352 293 4404 infinitivi
312 4352 419 4419 syntaxi
439 4349 604 4405 Herodotes
620 4351 720 4405 <visus
735 4351 820 4417 lfi'lfi,
835 4369 895 4421 nuo
910 4351 960 4405 nti
972 4367 1038 4404 non
1051 4351 1149 4417 potus„

668 4588 764 4599 ,,,,,,..
795 4585 893 4595 ...-..-
1304 4570 1333 4615 x
