2994 4822
644 125 871 239 ..9-·

118 345 171 412 sed
191 352 352 430 tanquam
371 346 522 412 obsolute
538 349 682 431 positum
703 347 849 432 intellegi
867 348 1033 430 debebit“,
1056 349 1203 432 alioquin
1219 349 1366 414 dativum

116 449 302 534 ponendum
328 451 474 516 coniicit.
507 449 653 515 Steinius
672 451 717 538 [in
733 451 948 519 adnotatione
961 452 1004 517 ad
1022 452 1070 533 ΙΙ,
1090 457 1160 533 180,
1178 453 1209 540 5]
1232 474 1366 518 occuss-

115 554 215 617 tivum
237 574 313 618 cum
343 551 507 618 infinitivo
534 575 555 618 e
587 553 802 621 similitudine
825 555 915 621 verbi
943 553 1009 621 ἔδει
1039 554 1164 620 dictum
1186 576 1257 622 esse
1280 555 1366 621 arbi·

116 661 230 738 tratur,
253 653 288 720 id
308 654 398 739 quod
413 654 494 720 mihi
512 656 643 739 quidem
659 658 764 742 magis
779 657 937 742 probatur
958 664 1136 742 propterea
1154 657 1243 743 quod
1257 657 1365 725 Hero·

117 759 227 824 dotum
255 780 355 842 saepe
381 759 489 823 varias
519 762 782 827 constructiones
815 761 903 827 inter
930 783 965 827 se
992 767 1136 844 mutare,
1167 762 1195 827 si
1224 767 1366 845 utreque

117 862 229 927 similis
249 861 389 927 rationis
419 867 527 928 estet
557 884 656 947 supra
687 863 982 930 demonstravimus
1004 863 1083 947 (vid.
1106 886 1137 948 p.
1162 869 1180 929 5
1204 864 1264 930 sub
1287 862 1367 949 ἔστι)

117 974 149 1031 et
179 988 219 1031 cx
248 964 325 1029 aliis
354 965 512 1050 exemplis
540 965 639 1032 facile
668 967 847 1051 colligitur.
901 968 996 1033 Haec
1030 967 1229 1034 constructio
1260 988 1367 1051 neque

116 1067 229 1133 Attica
251 1072 303 1133 est
325 1088 433 1150 neque
454 1067 640 1134 Homerica.

199 1184 421 1270 ἐπέρχεται
443 1209 517 1252 cum
539 1188 661 1254 dativo.
705 1189 770 1256 Inf.
794 1213 862 1257 aor.
886 1195 938 1255 καλ
959 1191 989 1255 οἱ
1017 1197 1115 1256 ταῦτα
1145 1191 1283 1257 διέποντι
1311 1188 1367 1255 ἒπ-

117 1293 194 1377 ῇλθε
217 1301 348 1374 πταρεῖν
367 1313 401 1354 τε
422 1292 474 1355 καὶ
494 1292 587 1378 βῆξαι
602 1291 663 1374 VI,
685 1297 755 1376 107,
780 1298 829 1359 13.
864 1299 902 1369 il,
923 1291 1075 1378 utSoph.
1092 1292 1146 1358 Tr.
1170 1297 1239 1358 135.
1283 1292 1366 1360 Cum

116 1394 301 1460 accusativo
317 1414 478 1477 personae
493 1400 527 1458 et
542 1394 706 1462 infinitivo
720 1395 809 1463 Plat.
822 1397 945 1463 Phaed.
959 1401 1000 1462 88
1016 1420 1043 1461 c.
1071 1396 1173 1481 Apud
1185 1396 1368 1463 Homerum

116 1521 180 1563 non
202 1497 336 1582 legitur.

198 1597 412 1684 ἐσέρχεται
433 1621 507 1665 cum
529 1622 599 1666 ace.
623 1624 792 1686 personae.
832 1603 897 1669 qu.
921 1625 988 1669 sor.
1010 1599 1124 1689 ἐσῆλθε
1140 1604 1201 1687 γάρ
1220 1627 1261 1684 με
1282 1605 1366 1686 loyc-

114 1704 245 1786 σάμενον
259 1712 464 1792 κατοικτεῖραι
487 1698 532 1781 aig
546 1703 665 1788 βραχεῖς
684 1703 732 1792 εἴη
754 1701 773 1769 δ
792 1713 857 1784 πᾶς
871 1703 1074 1791 ἀνθρώπινος
1090 1711 1157 1789 δέος
1172 1705 1252 1787 VII,
1269 1709 1321 1787 46,
1338 1712 1366 1770 7.

115 1807 197 1872 Ace.
217 1830 244 1872 o.
268 1807 324 1872 inl.
346 1822 452 1890 praes.
477 1805 531 1871 τὸν
556 1807 591 1872 δὲ
621 1805 666 1887 τδς
686 1807 912 1895 inplessem
934 1804 1014 1874 εἶναι
1037 1807 1072 1873 τδ
1099 1816 1231 1896 πρῆγμα
1252 1809 1368 1894 γράφει

116 1912 182 1990 ΙΙΙ,
204 1916 256 1993 42,
281 1914 330 1975 18.
370 1907 454 1975 (lum
478 1905 525 1986 οἷς
554 1932 628 1976 cum
651 1913 799 1996 optativo
823 1910 924 1994 VIII,
949 1918 1019 1994 137,
1046 1916 1095 1977 16.
1140 1911 1195 1977 Ab
1218 1912 1367 1978 Homero

114 2013 259 2079 alienum
280 2018 341 2078 est.

197 2118 318 2199 μέλει
341 2134 416 2181 eum
439 2113 560 2181 dativo.
594 2115 660 2182 Ins.
675 2136 783 2200 prees.
805 2115 881 2183 οδδέ
897 2138 956 2204 σφι
976 2119 1104 2206 μελήσει
1123 2118 1186 2203 πρδ
1203 2120 1266 2180 τιῦν
1280 2114 1367 2203 Ἀθη-

115 2225 190 2284 νέων
212 2224 396 2301 ναυμαχέειν
418 2218 518 2300 VIH,
544 2222 614 2302 esp,
641 2224 690 2285 12.
736 2226 774 2294 A,
798 2225 835 2285 ut
858 2219 961 2305 Soph.
982 2221 1039 2286 Αἰ.
1062 2226 1141 2301 701;
1172 2229 1217 2296 Η,
1249 2226 1286 2284 ut
1305 2219 1368 2288 Od.

117 2323 217 2404 XVI,
232 2327 297 2387 465
310 2320 368 2386 οὐκ
382 2320 492 2404 ἔμελέν
507 2345 562 2403 μοι
581 2325 679 2386 ταῦτα
695 2323 888 2410 μεταλλῆσαι
901 2325 954 2388 καὶ
972 2323 1108 2409 ἐρέσθαι,
1127 2324 1183 2390 ubi
1198 2324 1368 2389 Ameisius

115 2431 213 2491 ταῦτα
244 2425 426 2491 subiectum
456 2446 527 2492 esse
551 2432 682 2509 censet,
713 2449 774 2510 ego
797 2448 873 2493 vero
896 2427 1076 2494 infinitivos
1097 2427 1289 2513 μεταλλῆσαι
1317 2429 1369 2491 καὶ

114 2527 243 2614 ἐρέσθαι
265 2529 340 2594 Ιοοο
357 2528 497 2594 subiecti
515 2529 642 2612 positos
660 2551 733 2596 esse
749 2530 901 2597 arbitror.
934 2529 1017 2597 cum
1034 2526 1083 2596 δτι
1099 2552 1172 2596 cum
1190 2530 1367 2596 indicativo

117 2631 182 2715 lx,
210 2637 261 2715 11,
284 2637 314 2697 c.

200 2734 381 2802 ἱκνέεται
403 2755 477 2800 cum
494 2755 564 2799 acc.
585 2755 756 2818 personae.
793 2735 857 2801 Ini.
880 2756 988 2821 prees.
1009 2745 1066 2803 τοῦ
1092 2738 1126 2802 δὲ
1148 2735 1252 2820 ἑτέρον
1265 2736 1370 2821 φαμὲν

115 2835 214 2926 ἡμέας
234 2837 391 2905 ἱκνέεσθαι
416 2833 614 2924 ἡγεμονεύειν
636 2839 703 2920 ΙΧ,
726 2845 776 2921 26,
798 2845 856 2920 32,
888 2839 944 2906 ubi
975 2841 1130 2906 ἱκνέεσθαι
1155 2842 1367 2921 „convenire“

114 2943 212 3024 volet,
235 2943 295 3008 sed
316 2942 379 3007 hoc
403 2939 644 3023 significatione
672 2940 779 3008 solum
805 2950 863 3008 aut
882 2964 1038 3027 praesens
1061 2951 1121 3010 aut
1141 2943 1368 3027 imperfectum

116 3049 259 3131 ponitur.
305 3046 492 3111 Infinitivus
520 3043 787 3128 subintellegitur
809 3045 985 3134 [κεκάρθαι]
1006 3046 1055 3127 ΙΙ,
1082 3051 1132 3127 36,
1158 3050 1189 3111 4.
1232 3042 1316 3111 (lum
1337 3044 1370 3110 ἕ·

115 3168 188 3216 cum
220 3149 409 3215 accusativo
440 3154 475 3214 et
503 3147 664 3213 infinitivo
692 3149 840 3232 iungitur
863 3149 925 3232 Vl,
960 3152 1011 3231 57,
1042 3154 1093 3215 22.
1143 3148 1200 3213 Ab
1221 3146 1368 3213 Homero

114 3254 258 3319 alienum
280 3258 340 3318 est.

199 3351 373 3420 άπίκετο
400 3376 473 3419 cum
503 3350 536 3430 ἐς
565 3374 637 3418 cum
665 3375 730 3420 acc.
755 3377 924 3439 personae.
967 3355 1032 3420 Ins.
1054 3375 1160 3438 prees.
1184 3353 1217 3431 ἐς
1238 3363 1369 3437 Δαρεῖον

115 3456 246 3524 άτιλκετο
267 3457 393 3543 γνώμην
412 3454 653 3541 άποιμαίνεσθαι
672 3455 740 3537 ΙΙΙ,
768 3463 816 3538 71,
838 3465 866 3524 3.

200 3579 424 3663 σύγκειται.
469 3575 533 3641 Ins.
557 3597 663 3659 praes.
686 3572 799 3663 ἐούσης·
814 3582 870 3664 τῆς
890 3574 982 3664 ιῧρης,
1008 3577 1042 3655 ἐς
1063 3576 1117 3663 τήν
1139 3574 1289 3641 σινέκειτό
1311 3597 1369 3660 σιμ

115 3676 374 3747 ἀπαλλάσσεσθαι
402 3680 469 3761 ΙΧ,
497 3687 547 3760 52,
579 3686 597 3744 5
629 3702 703 3745 cum
727 3679 848 3748 dativo.
894 3691 933 3766 A,
964 3690 1001 3747 ut
1024 3678 1129 3746 Thuc.
1152 3678 1214 3759 IV,
1236 3684 1287 3758 68,
1309 3676 1368 3743 scd

116 3784 203 3870 apud
224 3785 410 3852 Homerum
433 3806 499 3848 non
521 3789 639 3848 exstit.

201 3905 445 3991 πρόσκειται
466 3925 538 3968 cum
560 3902 682 3968 dativo.
722 3903 918 3988 Ι111.ριαεε.
943 3906 1123 3989 προξείνοι·ς
1150 3899 1369 3967 ἀποδεικνύναι

116 4008 251 4075 τούτοισι
271 4013 476 4091 προσκεῖσθαι
498 4005 560 4086 VI,
582 4010 632 4086 57,
659 4011 707 4069 11.

201 4128 431 4194 λοσιτελιέι
451 4149 525 4193 cum
547 4126 670 4193 dativo.
705 4126 770 4192 Int'.
792 4149 897 4213 praes.
919 4124 957 4192 οδ
978 4125 1039 4211 γάρ
1054 4126 1084 4191 ol
1104 4126 1286 4191 λισιτελιέιν
1307 4130 1369 4188 τιῦν

117 4229 233 4296 {rotroci
253 4228 462 4318 ἐξημεληκότα
484 4242 564 4296 τοῖσι
586 4232 684 4308 πέλας
707 4229 756 4296 δι’
777 4225 896 4317 ἡμέρας
909 4227 1042 4309 δικάζειν
1062 4228 1090 4311 Ι,
1107 4234 1158 4310 87,
1182 4233 1213 4295 6.
1250 4234 1288 4311 A,
1312 4225 1368 4296 sed

117 4334 204 4418 apud
227 4334 409 4400 Homerum
433 4356 499 4399 nou
523 4335 654 4419 legitur.

200 4453 221 4519 ἔ
225 4478 287 4535 χει
309 4452 344 4518 in
364 4453 589 4521 locutionibus
610 4453 678 4518 his:

202 4571 289 4657 ἕχει
317 4575 450 4662 φύσιν.
494 4575 577 4645 Ace.
600 4596 628 4642 c.
651 4574 802 4646 intuor.
826 4576 879 4648 to
896 4574 962 4651 ‘loc
983 4570 1078 4640 lim
1092 4571 1153 4637 εῖν*
1165 4560 1409 4647 1111211821
