2994 4822
699 180 910 239 ...18-

179 343 303 409 πολλοῦ
329 342 393 409 ἐστι
414 344 491 409 inde
514 344 556 410 ab
579 343 755 411 Herodoto
784 346 873 429 apud
897 351 1024 412 ceteros
1051 348 1204 432 deinceps
1226 351 1431 435 pervulgata,

178 444 325 534 Homero
348 447 471 534 ignota.

92 608 95 613 .
263 549 387 615 καλόν
409 549 593 639 [κάλλιπον]
617 572 690 616 cum
710 551 831 617 dativo.
876 549 940 616 Inf.
960 572 1067 634 praes.
1090 563 1170 619 τοῖσι
1189 555 1250 642 γάρ
1266 555 1432 622 κάλλιστόν

178 652 292 738 ἔστι...
316 658 516 739 συγγίνεσθαι
537 651 570 732 ἒς
591 653 685 740 πόσινΙ
702 653 731 738 Ι,
756 658 827 737 172,
850 659 879 718 8.

263 756 346 823 Αοο.
366 754 392 822 c.
415 757 472 822 inf.
494 779 603 842 praes.
628 759 732 846 [καλὸν
754 754 884 846 γίνεται]
907 757 990 840 VII,
1015 760 1065 841 11,
1089 760 1137 825 19.

265 868 304 942 A,
327 867 365 926 ut
385 859 485 945 Soph.
509 860 589 925 Ant.
612 866 662 944 72,
684 869 746 928 cet.
767 869 807 944 H,
830 861 872 928 Il.
896 861 962 944 IX,
986 865 1058 928 615.
1079 861 1198 943 XVII,
1221 865 1271 926 19.

264 961 484 1044 ἐλάχιστον
512 964 579 1028 καὶ
606 964 916 1048 συντομώτατον
945 964 1011 1030 Inf.
1040 987 1109 1031 aer.
1137 972 1176 1050 τῇ
1207 965 1241 1030 δὲ
1270 962 1431 1045 ἐλάχιστόν

178 1063 243 1154 ἐστι
263 1068 313 1131 καί
335 1068 569 1154 συντομώτατον
591 1065 625 1131 ἐκ
645 1072 701 1155 τῆς
712 1072 839 1156 βορηίης
851 1065 1012 1156 θαλάσσης
1029 1063 1266 1156 δπερβῆναιΠ,
1290 1072 1429 1151 158,18.

264 1167 382 1236 οὐδὲν
404 1170 548 1249 ἀεικές.
594 1171 677 1236 Αοο.
704 1192 730 1236 o.
753 1171 809 1236 inf.
833 1191 940 1255 praes
963 1167 1000 1236 od
1021 1179 1075 1236 νῦν
1099 1195 1148 1236 τοι
1166 1168 1265 1248 αἐικίς
1287 1167 1374 1237 οὐδὲν
1393 1162 1431 1258 ἦν

178 1278 235 1336 τοῦ
254 1271 398 1356 σώματος
416 1280 525 1339 νοῦσον
545 1272 684 1360 μεγάλην
706 1278 865 1351 νοσέοντος
882 1273 962 1361 μηδὲ
982 1273 1040 1352 τοὶς
1058 1279 1175 1360 φρένας
1193 1270 1342 1358 ὑγιαίνειν
1362 1273 1431 1356 ΙΠ,

180 1379 230 1457 se,
257 1381 284 1441 ι.

263 1478 347 1545 Aeo.
372 1501 400 1544 c.
422 1478 479 1544 inf.
504 1501 572 1546 cor.
591 1478 654 1562 VI,
678 1484 729 1562 98,
752 1484 782 1548 3.

264 1582 368 1665 Apud
397 1582 581 1648 Homerum
609 1604 684 1647 cum
713 1581 823 1648 dativo
848 1587 882 1647 et
909 1581 1084 1666 infinitivo,
1113 1589 1151 1648 ut
1180 1582 1223 1649 Il.
1246 1581 1329 1664 XV,
1358 1587 1432 1649 496.

178 1683 283 1768 Apud
300 1684 436 1751 Atticos
461 1686 660 1751 constructio
681 1706 749 1749 non
769 1685 943 1751 invenitur.

263 1787 438 1870 θεμιτόν
459 1809 533 1852 cum
555 1787 677 1855 dativo.
712 1787 898 1872 Intnpraes.
914 1787 951 1853 od
963 1785 1096 1869 θεμιτὸν
1113 1794 1269 1875 Δωριεῦσι
1288 1794 1434 1874 παριέναι

178 1887 315 1954 ἐνθαῦτα
338 1889 380 1973 V,
405 1895 454 1974 72,
479 1896 520 1956 20
540 1888 605 1955 ἔστί
628 1890 871 1958 subintellecto.

264 1993 346 2059 Acc.
371 2015 398 2062 c.
421 1993 478 2059 inf.
503 2016 610 2079 prees.
633 1993 702 2077 ΠΙ,
726 2000 776 2077 37,
800 1998 849 2059 10.

264 2105 304 2181 A,
328 2101 366 2161 ut
388 2095 486 2181 Soph.
509 2094 550 2162 Ο.
574 2095 612 2163 Τ.
638 2100 711 2163 993.
734 2095 773 2163 Ο.
797 2095 833 2163 Ο.
860 2101 942 2162 1758
966 2101 1040 2179 cet,
1063 2098 1149 2162 etin
1164 2096 1297 2182 Hymno
1321 2098 1356 2163 in
1372 2096 1432 2164 Oe-

179 2219 286 2265 rerem
308 2204 380 2264 207.
696 2211 698 2216 “
1341 2216 1343 2220 “

263 2299 447 2388 ἀσφαλές
479 2325 552 2369 cum
583 2302 704 2368 dativo.
749 2302 812 2367 Ins.
842 2323 950 2386 praes.
981 2298 1021 2366 οὗ
1042 2301 1103 2388 γδρ
1126 2291 1163 2391 ἦν
1184 2302 1215 2368 ot
1241 2299 1430 2389 ἀσφαλές...

179 2403 277 2490 φάναι
298 2405 366 2488 ΙΠ,
390 2411 440 2490 66,
466 2410 515 2473 14.

265 2517 303 2585 A,
326 2514 365 2574 ut
388 2509 448 2576 Ar.
470 2508 534 2574 Av.
559 2512 641 2573 1489
665 2514 728 2575 cet.
772 2508 828 2574 Ab
846 2507 1002 2573 Homero
1027 2506 1170 2572 alienum
1198 2515 1257 2574 est.

264 2608 454 2694 οὐδαμῶς
475 2610 803 2694 α’νασχετόνΑοο.
828 2632 855 2676 ο.
879 2612 938 2676 inf.
957 2631 1026 2674 sor.
1049 2606 1163 2695 ἄνδρας
1183 2610 1216 2690 ἐς
1237 2611 1335 2701 δήμου
1361 2609 1431 2676 dro-

181 2712 293 2779 λάστου
307 2711 396 2801 ὕβριν
413 2727 520 2780 πεσεῖν
535 2711 599 2780 ἐστι
612 2710 760 2797 οὐδαμῶς
774 2710 942 2794 οίνάσχετον
956 2713 1025 2796 ΙΙΙ,
1045 2717 1096 2797 81,
1116 2718 1144 2778 7.
1167 2715 1268 2797 VIII,
1289 2719 1360 2799 142,
1383 2719 1430 2780 12.

265 2817 455 2898 χαλεπόν.
485 2817 551 2883 Inf.
574 2839 643 2883 eor.
665 2824 728 2882 τοῖν
757 2815 795 2882 od
817 2815 956 2898 χαλεπόν
978 2813 1042 2881 ἐστι
1064 2820 1226 2884 πυθέσθαι
1245 2817 1307 2901 IV,
1332 2822 1383 2900 24,
1401 2822 1430 2882 4.

264 2920 347 2985 Αοο.
366 2943 393 2986 c.
409 2921 467 2986 inf.
484 2943 553 2987 eor.
569 2919 670 3002 VIII,
688 2923 760 3002 102,
776 2925 805 3003 3,
821 2921 1012 2987 accusativo
1034 2921 1174 2987 subiecti
1189 2920 1430 2987 subintellecto

265 3031 304 3100 A,
321 3029 359 3088 ut
373 3024 463 3089 Xen.
482 3022 547 3108 Ap.
566 3023 746 3108 XXVIII,
764 3027 792 3088 5.
815 3030 854 3106 H,
872 3030 909 3089 ut
923 3022 968 3088 Il.
985 3023 1091 3106 XXI,
1109 3027 1180 3090 184.
1203 3025 1266 3091 Od.
1282 3023 1344 3106 IV,
1359 3028 1431 3089 651.

265 3125 487 3213 ἐπιτήδεον
515 3148 589 3190 cum
615 3126 739 3193 dativo.
782 3125 848 3191 Ins.
871 3148 979 3210 praes.
1007 3124 1145 3192 ἐνθαῦτα
1167 3124 1242 3211 ὑμῖν
1269 3125 1432 3217 ἑπιιηδεον

177 3227 288 3296 οἰκέειν
310 3230 372 3313 IV,
397 3233 469 3312 158,
494 3232 544 3312 10,
567 3227 633 3294 ἐστί
655 3229 885 3296 subintellecto
908 3228 1010 3311 VIII,
1032 3234 1084 3313 49,
1112 3236 1134 3296 4
1157 3229 1431 3320 [ἕπιιηδεότατονλ

264 3342 297 3398 A
316 3331 525 3426 [ἐπιτήδειονλ.
567 3331 625 3398 Ab
648 3333 798 3400 Homero
821 3334 966 3398 alienum
988 3338 1047 3398 est.

263 3435 362 3502 ἰ’σον.
399 3436 463 3501 Inf.
480 3456 588 3520 prees.
605 3434 672 3502 ἰ’σον
693 3433 758 3501 ἐστὶ
774 3435 880 3502 πολλὰ
898 3437 951 3500 καὶ
965 3432 1058 3520 ὀλίγα
1075 3436 1176 3520 λέγειν
1191 3434 1293 3518 VIII,
1316 3439 1432 3518 79,15.

262 3537 599 3627 κερδαλεώτερον.
644 3539 710 3604 Inf.
741 3562 847 3624 praes
877 3538 1124 3625 κερδαλεώτερόν
1156 3535 1221 3603 ἐστι
1248 3534 1432 3623 ὁμολογέειν

176 3648 222 3727 τῷ
241 3648 344 3730 Πέρση
366 3643 433 3726 ΙΧ,
459 3645 509 3725 17,
534 3645 584 3707 17.
631 3641 764 3709 Gradus
786 3644 947 3727 positivus
970 3664 1036 3707 non
1057 3641 1210 3706 occurrit.

261 3746 390 3813 κακόν.
427 3744 492 3812 Ins.
512 3767 619 3828 praee.
632 3744 780 3832 λεγούσης
793 3742 838 3824 ὦς
854 3744 946 3811 κακδν
962 3743 1010 3831 εἴη
1025 3742 1180 3809 διδάσκειν
1194 3742 1282 3831 VII,
1296 3746 1367 3827 16α,
1381 3748 1430 3810 10.

261 3847 593 3934 ἀναγκαιότατον
615 3848 755 3937 [γίνεται]
774 3870 847 3914 oum
863 3850 984 3914 dativo.
1023 3846 1087 3912 Ins.
1102 3868 1210 3930 praec.
1230 3852 1294 3912 ταῖν
1310 3836 1443 3913 λοιπῶν

46 3988 48 3995 ·
176 3946 301 4033 ὑμῖν...
326 3956 444 4037 γίνεταί
464 3975 519 4035 μοι
542 3948 783 4036 ἀναγκαιότατον
812 3950 1013 4017 ἐντέλλεσθαι
1035 3950 1073 4015 τοὶ
1095 3950 1182 4014 θέλω
1203 3949 1273 4034 ΙΠ,
1305 3954 1354 4033 65,
1379 3954 1429 4015 29.

176 4051 308 4120 Gradus
327 4055 488 4138 positivus
510 4056 558 4121 sio
580 4078 648 4121 non
669 4056 801 4139 legitur,
826 4054 884 4121 sed
902 4055 1013 4120 Attici
1035 4054 1195 4119 sermonis
1216 4057 1275 4118 est.
1320 4052 1428 4119 Hero-

176 4155 272 4222 dotus
297 4155 448 4244 ἀναγκαίη
471 4157 677 4226 substantivo
707 4160 758 4225 uti
787 4159 880 4226 solet.
924 4157 1019 4224 Nihil
1051 4156 1212 4223 eiusmodi
1241 4156 1330 4239 apud
1358 4154 1430 4221 Ho-

174 4281 312 4429 mendic
334 4363 447 4430 allatis
471 4364 630 4448 exemplis
654 4364 820 4449 colligitur
841 4361 995 4427 infinitivi
1023 4361 1164 4427 subiecti
1186 4366 1339 4426 naturum
1361 4359 1430 4426 He·

172 4467 284 4533 rodoti
307 4468 510 4552 temporibus
535 4467 635 4534 talem
656 4466 726 4533 fere
751 4465 863 4550 fuisse,
896 4465 1026 4550 qualem
1056 4465 1155 4530 etiem
1184 4444 1274 4547 apud
1297 4461 1429 4528 Atticos

159 4568 324 4649 vivemus,
369 4573 522 4654 exceptis
561 4571 679 4655 paucis
720 4568 920 4656 quibusdam
958 4566 1272 4636 constructionibus.
1325 4565 1430 4648 Apud
