2994 4822
521 183 845 246 *-25-

124 355 174 418 20.
198 356 271 433 203,
295 354 342 417 11.
366 349 469 434 VIII,
493 356 542 427 19,
567 355 709 433 13108,
732 356 772 416 22
790 356 866 435 post
888 351 977 434 λέγον
996 350 1137 434 primum
1153 350 1258 414 oratio
1275 356 1368 416 recta

122 455 232 538 posita
249 459 308 534 est,
335 453 452 521 deinde
473 454 581 521 subito
605 456 640 520 in
662 453 828 538 obliquam
850 455 980 520 transit.
1004 457 1074 536 143,
1098 459 1118 518 9
1141 451 1299 539 Ἀθηναῖοι
1319 453 1367 518 λέ-

122 579 222 642 γουσι.
233 607 257 622 ..
280 556 394 646 μήκοτε
409 552 612 646 ὁμολογήσειν
624 553 724 645 ἡμέας
738 559 845 644 Ξέρξῃ.
890 555 1064 623 Notandus
1083 563 1134 622 est
1151 577 1229 622 usus
1242 555 1368 622 formae

121 659 220 748 ἡμέας
239 683 299 746 pro
324 666 424 748 σφέας
443 659 565 740 αὐτούς,
589 662 737 739 oratione
758 667 851 727 recta
872 666 906 727 et
932 659 1066 744 obliqua
1086 661 1174 726 inter
1195 681 1230 725 se
1253 659 1367 725 mixta.

206 765 361 834 Varietas
379 765 615 848 exemplorum,
635 785 736 849 quam
757 785 856 848 supra
875 763 1141 848 memoravimus,
1171 764 1313 828 maxime
1334 763 1369 829 in

121 867 213 934 libris
235 867 399 952 prioribus
421 868 600 950 conspicua
629 874 696 934 est:
727 872 879 950 tempora
900 868 1136 934 infinitivorum
1162 866 1251 932 haud
1273 887 1368 931 secus

122 972 207 1038 inter
227 993 262 1038 se
284 971 531 1055 distinguuntur
551 976 652 1054 atque
674 971 708 1036 in
730 991 877 1037 sermone
894 970 1030 1053 Attico,
1059 972 1122 1037 nisi
1150 969 1239 1055 quod
1261 968 1367 1036 Hero-

123 1073 219 1140 dotus
247 1074 433 1158 praesentis
454 1072 655 1139 infinitivum
680 1074 823 1139 omnium
849 1075 990 1141 maxime
1011 1073 1131 1156 diligit.
1176 1071 1287 1138 Causa
1309 1079 1367 1154 est,

124 1177 211 1261 qnod
232 1178 375 1261 scriptor
402 1177 625 1242 narrationem
660 1199 759 1261 quam
786 1178 927 1242 maxime
955 1178 1063 1242 vivam
1089 1175 1229 1242 reddere
1257 1175 1369 1242 studet

123 1282 218 1347 etita
240 1279 425 1347 conformat
442 1281 624 1346 orationem
642 1286 681 1346 ut
701 1281 832 1362 singula
853 1286 930 1346 ante
945 1280 1053 1345 oculos
1075 1279 1170 1345 nobis
1191 1285 1294 1363 ponat
1313 1278 1367 1368 [cf.

126 1382 224 1451 stein.
248 1382 340 1464 111,
363 1387 414 1464 se,
439 1381 504 1472 19].

205 1490 224 1568 ξ
249 1492 278 1551 7.
321 1486 607 1570 Frequentissima
626 1487 848 1553 inconstantia
869 1486 957 1571 apud
978 1485 1186 1552 Herodotum
1216 1491 1293 1569 post
1323 1481 1370 1563 οἱς

125 1589 241 1674 λέγουσι
269 1588 452 1655 infinitivus
477 1610 537 1672 pro
564 1588 657 1656 finito
684 1590 785 1656 verbo
815 1591 963 1674 ponitur,
994 1595 1152 1674 tanquam
1182 1609 1222 1653 ex
1247 1589 1369 1672 λέγουσι

125 1693 271 1776 pendeat.
316 1691 412 1776 Quae
433 1694 637 1759 constructio
660 1693 823 1759 interdum
847 1695 948 1760 etiam
970 1692 1058 1778 apud
1079 1691 1214 1757 Atticos
1235 1692 1368 1775 legitur,

124 1801 160 1861 ut
181 1796 268 1862 Plat
296 1795 383 1861 Phil.
413 1799 454 1860 28
476 1799 553 1880 post
572 1792 618 1873 οἷς
638 1791 742 1879 οἶμαι,
774 1796 896 1863 Aesch.
917 1797 1010 1862 Pers.
1043 1800 1114 1875 188,
1143 1800 1220 1879 post
1239 1791 1285 1872 οἷς
1304 1792 1368 1878 ἐγω

126 1892 245 1974 ’δόκανα
275 1897 378 1983 Soph.
403 1898 484 1968 Ant.
516 1903 577 1965 740
607 1906 685 1983 post
706 1897 751 1979 οἷς
771 1899 859 1966 ἔοικε.
905 1898 1173 1984 Comparandum
1203 1897 1368 1981 estquod

126 1998 265 2068 Steinius
294 2003 467 2069 annotavit
497 2001 540 2067 ad
566 2001 602 2084 Ι,
633 2006 685 2086 65,
714 2008 772 2086 20,
802 2003 1040 2071 Germanicum
1071 2003 1149 2086 „uie
1178 2002 1227 2067 sie
1256 2022 1368 2085 sagon,

128 2101 245 2171 hacun
289 2105 386 2171 Haec
407 2106 633 2172 inconstantia
651 2106 833 2173 Homerica
855 2112 999 2173 nonest.

203 2203 232 2271 ci
240 2233 257 2286 ς
284 2210 461 2292 λέγουσι.
505 2208 570 2276 Inf.
593 2232 698 2294 praes.
723 2207 768 2289 οἷς
788 2211 822 2276 δὲ
848 2209 975 2296 θρήικες
995 2210 1116 2293 λέγουσι
1137 2209 1279 2291 μέλισσαι
1297 2233 1368 2273 κατ·

123 2312 219 2389 έχουσι
247 2309 286 2375 τὰ
313 2317 412 2398 πέρην
436 2319 492 2378 τοῦ
510 2312 628 2401 Ἴστρου
654 2315 706 2379 καὶ
733 2310 799 2379 ino
823 2318 953 2379 τουτέων
980 2310 1035 2377 οὐκ
1056 2306 1135 2378 εἶναι
1165 2312 1302 2378 διελθεῖν
1331 2312 1367 2376 τὸ

124 2419 307 2498 προσωτέρω
322 2413 365 2496 17,
389 2419 439 2497 10,
464 2420 483 2480 3
505 2418 699 2485 transitione
720 2439 741 2484 a
762 2417 863 2483 verbo
885 2416 980 2482 finito
1000 2417 1036 2481 in
1054 2414 1253 2481 infinitivum
1268 2414 1368 2481 facta.

203 2516 287 2583 Aac.
319 2539 346 2583 c.
375 2519 433 2583 inf.
463 2542 569 2603 praes.
603 2517 649 2599 aig
676 2521 710 2586 δὲ
739 2522 865 2587 Σκύθαι
893 2523 1015 2605 λέγουσι
1040 2518 1193 2585 νεώτατον
1219 2514 1370 2583 ἁπάντων

123 2615 237 2684 ἐθνέων
257 2615 338 2686 εἶναι
354 2619 391 2686 τὸ
410 2628 558 2711 σφέτερον
572 2624 634 2705 IV,
658 2629 687 2706 5,
711 2627 804 2689 1-2.
828 2622 871 2705 17,
889 2627 942 2706 44,
965 2627 1058 2688 3-5.
1081 2621 1163 2704 17Π,
1184 2626 1255 2704 171,
1273 2626 1294 2687 4
1312 2621 1369 2687 11111

124 2722 227 2788 oratio
250 2722 385 2807 obliqua
413 2726 447 2790 in
470 2726 560 2792 linea
583 2730 622 2792 15
645 2726 874 2811 praecedentis
902 2727 1019 2810 capitis
1047 2727 1250 2808 interrupta,
1276 2745 1369 2790 reno·

122 2830 214 2890 vatur
235 2832 269 2892 et
290 2826 424 2910 quidem
443 2835 520 2912 post
540 2827 587 2908 οἷς
605 2831 736 2914 λέγουσι.

203 2927 287 2995 Acc.
310 2951 338 2996 c.
361 2930 418 2997 inf.
442 2953 511 2998 aor.
539 2932 567 3014 Ι,
591 2936 642 3014 65,
667 2938 717 2998 22.
745 2932 788 3014 17,
808 2937 861 3013 44,
882 2936 1041 2997 4-5-6.
1071 2931 1155 3014 VII,
1179 2935 1250 3010 171,
1274 2932 1367 2994 5-8.

121 3027 171 3098 De
192 3031 355 3099 infinitivo
376 3041 454 3117 post
481 3030 526 3112 ὦς
548 3036 670 3120 λέγεται
692 3035 764 3101 vide
793 3059 825 3120 p.
858 3039 908 3100 17.
952 3033 1122 3101 Mentione
1151 3034 1286 3118 dignum
1317 3036 1368 3098 est

121 3130 180 3216 VI,
200 3138 270 3216 137,
294 3139 345 3217 13,
367 3136 424 3202 ubi
439 3145 514 3221 post
533 3134 579 3216 αἱς
594 3141 716 3224 λέγουσι
730 3139 830 3222 longa
847 3138 1082 3204 infinitivorum
1098 3139 1198 3204 series
1217 3135 1369 3202 infertur.

120 3234 194 3304 Hoc
215 3238 287 3303 loco
311 3240 614 3308 commemorandae
635 3243 698 3308 hae
719 3242 899 3309 locutiones
920 3241 1121 3308 simillimae:

203 3338 232 3405 ui
239 3367 256 3420 ς
276 3343 547 3426 πυνθάνομαι.
591 3344 673 3411 Ασσ.
698 3367 725 3411 c.
743 3346 801 3411 inf.
825 3367 891 3412 aor.
914 3339 960 3423 ως
979 3343 1014 3409 δὲ
1036 3342 1099 3426 ἐγώ
1116 3342 1367 3424 πινθάνομαι...

120 3443 171 3508 τὸν
192 3443 351 3527 Ζάλμοξιν
369 3450 478 3512 τοῦτον
505 3444 596 3513 ἐόντα
615 3446 787 3533 ἄνθρωπον
813 3449 974 3515 δουλεῦσαι
996 3445 1029 3510 ἒν
1051 3445 1150 3531 Σάμῳ
1173 3445 1235 3528 IV,
1265 3449 1316 3527 95,
1340 3447 1369 3510 1.

118 3545 183 3629 IX,
206 3552 258 3629 as,
283 3552 333 3615 15.

204 3649 289 3718 Acc.
311 3674 338 3717 σ.
361 3652 418 3718 inf.
441 3675 549 3737 praes.
572 3653 621 3720 Π.
640 3660 669 3736 8,
695 3659 810 3721 9-10.
833 3655 894 3737 IV,
919 3659 970 3735 35,
994 3658 1043 3719 12.

203 3752 285 3818 Ace.
309 3776 338 3820 ο.
367 3757 424 3821 inf.
447 3756 532 3840 perf.
562 3754 607 3834 ὠς
632 3755 687 3839 ἐμὲ
716 3749 752 3822 εὖ
773 3763 1004 3846 μεμνῆσθαι...
1032 3755 1176 3837 ἑξακόσια
1204 3755 1256 3819 καὶ
1284 3755 1370 3835 χίλια

119 3856 253 3921 τάλαντα
286 3853 434 3942 ἄργιρλον
466 3861 646 3925 τετελέσθαι
667 3860 715 3940 ΙΙ,
743 3865 813 3942 125,
844 3865 894 3926 21.
939 3861 981 3925 In
1011 3860 1075 3926 hoc
1104 3859 1253 3942 exemplo
1285 3857 1369 3924 dirae

118 3960 380 4026 constructiones
403 3961 574 4028 abnormes
596 3963 793 4029 coniunctae
819 3971 912 4029 sunt:
943 3961 1123 4029 infinitivus
1146 3967 1222 4047 post
1244 3956 1288 4038 ὡς
1308 3982 1369 4045 pro

117 4060 220 4128 sonna
232 4064 325 4130 finita
335 4064 472 4147 positus,
496 4064 615 4132 deinde
631 4066 845 4133 infinitivusa
860 4073 931 4133 tota
949 4066 1116 4132 sententia
1130 4062 1176 4144 ως
1192 4069 1371 4152 μεμνῆσθαι

117 4166 274 4248 pendens.
320 4165 436 4234 Simile
459 4173 511 4233 est
531 4164 577 4244 οἷς
605 4166 698 4252 λόγος
718 4164 862 4258 ὥρμηται
888 4168 1038 4258 [λέγεται]
1065 4191 1139 4234 cum
1170 4166 1369 4236 σσσ.σ.1111.

117 4289 185 4335 aer.
206 4268 274 4351 ΙΠ,
299 4274 349 4351 56,
375 4274 393 4330 7
416 4268 473 4336 ubi
491 4265 634 4358 ὥρμηται
653 4304 696 4328 =
717 4274 845 4355 exiit.*)

117 4384 129 4389 -
184 4422 368 4495 *3001an
381 4421 450 4489 VII,
469 4426 527 4491 189,
545 4426 562 4479 6
580 4424 617 4480 nis
634 4425 712 4496 φάτω·
730 4423 860 4495 ὥρμηται,
878 4423 930 4492 IV,
950 4418 1370 4492 16,161171,8611,4ὸλόγσ1·

116 4505 239 4579 &earm
255 4505 392 4579 Ᾱὲλωθσι.
432 4508 570 4566 Baehrius
588 4507 692 4581 λέγεται
710 4512 740 4567 in
757 4517 836 4568 textu
854 4510 965 4567 retinet
996 4509 1196 4581 Weselingius
1214 4508 1319 4565 conicit
1329 4503 1371 4559 u-

108 4612 187 4660 ἵησι
200 4593 257 4664 ya‘p
274 4599 326 4651 wt
343 4592 470 4667 ὥρμησαι
487 4594 628 4671 λέγεσθαι.
661 4597 728 4675 Ego
744 4597 862 4658 Steime
877 4597 1029 4657 assentior,
