2994 4822
634 1022 826 1106 VITA.

191 1305 359 1372 Robertus
375 1304 484 1388 Sharp
502 1312 688 1371 natussum
707 1305 742 1369 in
763 1305 844 1370 urbe
859 1303 1040 1391 Virginius,
1060 1325 1148 1388 quac
1162 1302 1356 1371 Lawrcncc·

105 1407 182 1474 ville
213 1409 412 1491 nominatur,
446 1412 649 1474 ann01852.
695 1407 860 1492 Quoniam
892 1429 1029 1493 corpore
1060 1407 1225 1474 imbecillo
1256 1429 1356 1490 cram,

105 1533 178 1577 sero
201 1511 242 1575 ad
260 1509 372 1575 studia
390 1510 560 1577 literarum
577 1513 713 1576 accessi.
756 1511 877 1576 Primis
898 1511 1070 1578 elementis
1091 1513 1126 1575 in
1145 1510 1357 1577 inferioribus

105 1614 196 1679 urbis
218 1618 351 1678 nostras
380 1613 501 1679 scholis
529 1614 692 1695 imbutus,
721 1635 807 1679 anno
836 1619 917 1679 1870
946 1614 1113 1697 gymnasio
1135 1612 1356 1695 Ashlaudino,

107 1717 197 1800 quod
227 1715 408 1799 Randolph
438 1715 557 1780 Maoon
586 1722 733 1797 vocatur,
768 1717 973 1802 adscriptus,
1005 1717 1119 1801 ibique
1147 1716 1307 1799 imprimis
1337 1736 1359 1780 a

105 1820 202 1885 Pricc
225 1824 258 1885 et
278 1819 454 1901 Harrison,
478 1820 556 1884 vin‘s
576 1819 819 1900 illustrissimis,
843 1819 960 1885 doctus
983 1842 1073 1901 sum;
1102 1819 1222 1904 quibus
1244 1823 1358 1885 auoto-

105 1922 216 2004 ribus,
245 1943 345 2006 quum
374 1943 493 2006 magno
517 1943 628 1987 amoro
653 1922 840 2004 linguarum
867 1921 1076 2003 classicanum
1102 1920 1292 2006 flagrarem,
1323 1922 1359 1986 in
1453 1996 1457 2001 ¹

107 2023 337 2105 Germaniam,
362 2024 466 2089 omnis
488 2024 657 2091 doctrinae
679 2024 791 2090 sedem
814 2024 1091 2109 domiciliumque,
1117 2023 1359 2106 transmigravi,

105 2134 143 2193 ut
165 2128 326 2199 fructibus
349 2128 415 2210 ibi,
446 2129 503 2212 qui
533 2128 682 2194 omnibus
705 2148 810 2211 aeque
834 2128 985 2192 concessi
1014 2135 1107 2210 sunt,
1136 2149 1196 2219 ogo
1225 2148 1359 2213 quoquo

105 2238 224 2297 uterer.
263 2229 428 2314 Quoniam
444 2251 521 2295 vero
539 2228 722 2313 Lipsiensis
739 2229 947 2296 Universitas
966 2231 1109 2295 maxima
1124 2230 1159 2294 in
1178 2229 1359 2298 Germania

106 2333 205 2399 lauda
230 2339 333 2416 atquc
360 2333 467 2418 gloria
489 2330 595 2413 floret,
619 2333 695 2398 huic
718 2332 841 2398 sodalis
866 2331 1012 2396 adscribi
1034 2332 1133 2416 volui,
1157 2332 1358 2417 interfuiqus

106 2436 148 2501 ab
172 2457 258 2501 anno
284 2440 375 2517 1876,
404 2457 465 2519 per
488 2457 546 2500 sex
570 2436 758 2515 semestris,
790 2433 908 2498 scholis
932 2432 1050 2517 Curtii,
1079 2435 1209 2518 Langii,
1238 2434 1358 2519 Lipsii,

107 2538 294 2621 Ribbeckii,
314 2538 453 2622 Voigtii,
475 2537 595 2622 quibus
611 2539 689 2602 viris
708 2537 905 2602 doctissimis
924 2542 958 2602 et
972 2537 1203 2603 illustrissimis
1216 2539 1358 2604 maxima

107 2643 148 2707 de
170 2663 223 2707 mo
244 2641 369 2706 meritis
392 2642 517 2725 gratias
539 2662 602 2724 ago
626 2661 723 2724 quam
742 2660 877 2723 possum
896 2640 1164 2724 impensissimas.

457 4533 604 4588 Numbnrgt,
618 4535 683 4588 typis
696 4533 831 4578 Passionis
846 4533 882 4583 to.
893 4528 1023 4577 Eoutnstt.
