2994 4822
662 171 869 229 -28-

230 339 249 417 5
280 338 331 401 10.
374 335 464 400 Ηοο
485 335 579 400 loeo
601 335 823 418 longiores
853 336 1057 420 quaedam
1081 337 1301 402 orationes
1323 337 1393 402 ob-

51 510 53 512 ,
143 438 289 522 liquae
320 437 709 503 commemorandae
739 436 944 504 videntur
967 460 1076 522 esse,
1109 440 1346 524 pendentes
1374 463 1396 505 a

112 540 270 606 'verbo
300 540 495 623 dicendi,
525 540 576 606 ad
607 540 719 625 quod
741 533 818 608 ὦδε
840 541 1025 621 νεΙιόόε
1052 542 1120 608 vel
1148 543 1289 608 simile
1313 543 1393 608 ali·

145 643 246 729 quid
269 644 451 710 aceedit.

229 771 259 813 α.
301 747 405 812 Post
426 749 537 831 λέγω.

230 852 396 934 λέγουσι
415 849 519 916 τάδε.
542 849 605 932 Ν,
637 854 708 927 196,
740 856 848 916 1οοο.
872 873 899 916 o.
920 850 979 917 inf.
1005 871 1113 934 praee.
1143 887 1182 899 -
1213 855 1340 918 tnom.
1365 874 1393 917 o.

145 951 201 1019 inf.
234 975 342 1037 praee.
367 993 406 1002 -
430 958 514 1017 6-9
541 974 656 1019 rursus
679 975 748 1020 aee.
771 975 799 1019 e.
821 953 879 1019 inf.
901 953 975 1031 νοός
994 951 1023 1018 d'
1045 949 1233 1038 ἐπιχωρίους
1253 991 1290 1001 -
1312 951 1394 1019 ἰέναι
1442 1007 1448 1019 .

144 1056 231 1123 unde
253 1057 354 1123 etiam
375 1057 396 1121 l.
421 1061 440 1120 9
462 1056 691 1144 Καρχηδονίους
711 1058 770 1141 pr'o
800 1079 865 1142 quo
885 1057 1121 1122 nominativum
1144 1061 1306 1140 expectes,
1351 1056 1394 1122 In

143 1160 234 1226 linea
265 1163 302 1224 11
337 1159 446 1225 subito
476 1161 579 1225 oratio
607 1160 743 1245 obliqua
763 1161 892 1247 transit
917 1161 953 1225 in
974 1160 1199 1225 narrationem
1227 1159 1393 1243 directam,

144 1262 203 1328 sed
225 1264 259 1328 in
282 1263 371 1328 linea
395 1266 435 1328 13
455 1263 561 1329 oratio
580 1250 715 1348 obliqua
736 1285 849 1330 rursus
869 1261 1054 1328 incohatur.
1076 1300 1120 1310 -
1139 1266 1178 1327 13
1201 1282 1267 1327 aee.
1287 1284 1314 1328 e.
1334 1262 1394 1330 inf.

145 1387 252 1452 praes,
275 1405 318 1415 -
341 1369 382 1431 14
403 1386 510 1449 praee.
534 1387 607 1431 eum
629 1388 698 1432 aee.
716 1364 838 1448 αόνοός,
872 1387 932 1450 pro
954 1386 1018 1449 quo
1041 1363 1132 1431 αόιοί
1155 1365 1396 1449 expectandum

144 1469 217 1553 fuit,
247 1469 465 1553 praecedente
495 1490 580 1534 nom.
609 1492 637 1536 ο.
665 1469 724 1537 inf.
747 1451 928 1536 Anomalia
955 1469 1033 1535 huie
1062 1470 1204 1536 maxime
1228 1468 1397 1535 contraria

49 1581 56 1591 ’“
143 1573 266 1656 legitur
286 1571 316 1654 Ι,
337 1576 387 1655 56,
412 1576 527 1640 3-15.

230 1676 397 1759 λέγεται
418 1675 524 1742 τόδε,
566 1675 649 1752 VII,
673 1680 744 1758 165,
769 1679 786 1739 1
811 1696 886 1740 enm
908 1671 954 1753 οἷς
973 1697 1048 1741 oum
1063 1674 1163 1741 verbo
1178 1673 1271 1740 finito
1290 1662 1396 1760 u'sqne

145 1778 188 1844 ad
215 1778 335 1844 lineam
364 1783 414 1862 17,
440 1779 497 1844 ubi
519 1801 587 1845 aee.
618 1801 644 1846 e.
666 1779 725 1846 inf.
755 1800 863 1864 praee.
895 1778 978 1845 Aeo.
1009 1800 1036 1843 o.
1058 1776 1116 1843 inf.
1138 1798 1204 1843 aer.
1227 1777 1311 1862 VII,
1343 1782 1395 1862 84,

147 1881 621 1965 rmmfflmmma

231 1979 308 2053 ιόόε
330 1987 425 2070 περὶ
446 1983 580 2051 αὐτῶν
600 1988 791 2070 λέγοντες
819 2006 893 2050 eum
915 2005 983 2050 aee.
1008 2006 1035 2050 o.
1057 1984 1115 2050 inf.
1139 2005 1207 2050 aor.
1231 1991 1266 2050 et
1286 2007 1395 2069 praes.

145 2089 174 2171 I,
197 2093 247 2172 94,
271 2093 387 2155 9-36.
409 2089 458 2174 Π,
484 2095 534 2175 17,
558 2095 577 2157 9
600 2083 661 2155 ὦδε
683 2091 813 2173 λέγομεν
836 2109 910 2153 eum
931 2109 999 2154 aec.
1019 2109 1047 2154 e.
1068 2087 1126 2154 inf.
1148 2108 1257 2172 praes.
1279 2087 1343 2170 IV,
1365 2093 1395 2172 8,

147 2198 165 2258 3
189 2194 311 2277 λέγουσι
340 2185 402 2259 ὦδε
431 2215 645 2260 cumaeae.
670 2193 729 2259 inf.
758 2213 825 2258 eor.
846 2198 880 2257 et
899 2210 1006 2274 prees:
1031 2194 1148 2272 4-15,
1183 2191 1397 2257 continuatur

145 2296 181 2360 in
202 2296 311 2379 eapite
334 2302 364 2380 9,
387 2301 502 2364 9-19.
546 2296 588 2363 In
609 2297 696 2363 linea
718 2299 758 2360 19
781 2294 896 2360 eadem
925 2295 1071 2360 narratio
1095 2294 1308 2359 continuatur
1337 2316 1398 2379 per

146 2400 269 2482 λέγουσι
295 2420 323 2466 ο.
351 2422 418 2466 aee.
450 2422 478 2466 e.
508 2399 564 2466 inf.
594 2399 643 2483 II,
674 2402 726 2483 98,
757 2402 861 2464 7-19
882 2397 971 2481 ἔλεγε
992 2389 1054 2462 alde
1084 2418 1159 2463 oum
1188 2417 1257 2463 aoe.
1286 2419 1314 2463 e.
1336 2396 1396 2464 inf.

145 2523 252 2586 praes.
293 2501 406 2569 Simile
429 2509 479 2570 est

232 2601 318 2669 ἔστι
338 2603 461 2690 λόγος
483 2605 583 2686 ἔχων
605 2597 682 2670 eide
714 2603 778 2687 IV,
802 2609 851 2686 11,
881 2608 985 2669 1-96
1013 2624 1040 2670 ο,
1063 2624 1131 2669 aee,
1155 2624 1182 2668 ο.
1205 2603 1262 2668 inf.
1287 2624 1395 2687 praee.

144 2711 179 2773 et
199 2727 268 2772 aer.

230 2805 297 2875 όόε
323 2810 445 2897 λόγος
472 2812 694 2899 λεγόμενος
721 2810 784 2894 Ν,
813 2815 884 2893 179,
906 2815 991 2875 9-8
1013 2831 1080 2876 aee.
1104 2830 1132 2875 o.
1154 2809 1211 2874 inf.
1233 2831 1340 2893 praes.
1365 2815 1398 2876 et

146 2934 213 2979 eor.
258 2912 419 2980 Similiter
441 2914 523 2998 VII,
555 2921 615 2981 167
644 2922 720 3000 post-
749 2913 814 2980 ἔστι
837 2953 874 2962 -
900 2909 953 2979 ilde
975 2909 994 2978 ό
1015 2911 1110 2996 λόγος
1134 2905 1300 2996 λεγόμενος
1329 2913 1397 2997 pri-

145 3038 234 3081 mum
256 3018 429 3083 enuntiata
458 3041 498 3084 ex
528 3016 572 3097 ιός
601 3041 776 3104 suspensa,
807 3016 926 3084 deinde
954 3017 975 3082 l.
1008 3019 1047 3081 10
1084 3037 1152 3081 aee.
1183 3037 1210 3081 ο.
1238 3016 1296 3081 inf.
1327 3038 1397 3083 aor.

144 3118 295 3186 infertur.

231 3221 317 3288 dore
347 3224 466 3309 λόγος
491 3225 715 3310 λεγόμενος
743 3223 846 3306 VIII,
879 3228 950 3305 118,
983 3226 1099 3287 leum
1128 3218 1174 3299 οἷς
1196 3243 1269 3287 eum
1297 3221 1396 3288 verbo

146 3325 239 3392 finito
262 3348 367 3411 usque
390 3328 433 3393 ed
455 3329 579 3395 lineam
602 3335 630 3412 7,
654 3329 712 3395 ubi
737 3349 804 3393 aee.
828 3349 855 3393 ο.
879 3325 937 3391 inf.
958 3346 1026 3390 aor.
1057 3363 1094 3373 -
1119 3329 1138 3389 8
1161 3345 1269 3408 praes.
1292 3363 1331 3371 —
1358 3327 1395 3387 11

146 3449 252 3512 praee.
278 3467 314 3477 —
342 3434 380 3494 19
404 3453 472 3497 eor.
517 3433 559 3497 In
587 3431 679 3498 linea
706 3434 747 3497 14
775 3431 922 3495 narratio
954 3429 1166 3500 continuetur
1195 3449 1253 3512 per
1276 3428 1398 3512 λέγεται

148 3553 223 3598 eum
242 3553 311 3599 eoo.
333 3555 362 3599 o.
384 3533 443 3600 inf.
978 3572 982 3579 ‚

232 3635 347 3701 νόνόε
375 3636 443 3702 τόν
469 3637 590 3721 λόγον
620 3637 783 3720 λέγουσι
812 3633 894 3716 VH,
920 3637 1117 3715 151,1-10
1146 3654 1174 3698 o.
1197 3653 1267 3698 aee.
1290 3653 1317 3698 o.
1340 3630 1397 3697 inf.

61 3726 63 3731 ¹
148 3759 213 3804 aer.
237 3743 270 3804 et
291 3760 397 3822 praee.
422 3739 584 3807 Similiter

234 3841 368 3932 [τοῦτον]
388 3843 553 3927 λέγουσι
566 3847 834 3930 μηχανᾶσθαι
855 3839 950 3905 τάδε
969 3838 1018 3923 ΙΙ,
1041 3843 1089 3922 73,
1107 3842 1221 3904 9-18.
1238 3836 1287 3918 Π,
1305 3839 1397 3918 191α,

149 3951 241 4012 7-8.
263 3952 293 4039 β,
313 3951 331 4010 7
353 3952 431 4031 poet
454 3951 585 4034 ποιῆσαί
604 3971 658 4028 μιν
677 3945 751 4011 eride
780 3966 864 4029 quae
886 3944 1032 4027 pendent
1052 3965 1092 4010 ex
1114 3940 1220 4026 ἔλεγον
1241 3938 1299 4006 inf.
1320 3961 1398 4020 aon,

147 4071 215 4116 aee.
232 4050 473 4132 subintellecto,
496 4050 647 4116 similiter
668 4053 759 4133 191γ,
783 4051 877 4113 5-8.
898 4046 987 4123 191ό,
1010 4051 1118 4129 3p0st
1138 4042 1400 4130 ἐπιτεχνήσασθαι

146 4153 252 4219 τοιάδε
279 4178 334 4236 μιν
361 4175 404 4219 se.
435 4153 551 4238 ἔλεγον,
582 4173 651 4218 aee.
682 4173 708 4216 e.
738 4149 796 4215 inf.
827 4172 894 4216 aor.
926 4156 959 4216 et
986 4170 1093 4233 praee.
1122 4152 1239 4214 4-30.
1268 4148 1400 4228 191ε,4

147 4261 278 4345 ποιῆσαί
297 4281 352 4340 μιν
373 4255 446 4320 τάδε
469 4277 513 4322 eo.
536 4254 643 4340 ἔλεγον
666 4276 741 4320 eum
762 4252 819 4318 inf.
845 4275 914 4319 aer.
937 4253 972 4317 in
987 4252 1077 4317 linea
1099 4256 1129 4334 5,
1153 4257 1187 4316 et
1206 4253 1293 4332 191ε,
1316 4253 1400 4313 13-

146 4364 199 4440 17,
222 4364 342 4426 ποιέειν
361 4357 436 4423 τάδε
459 4381 533 4424 eum
556 4380 624 4424 aco.
645 4379 672 4422 e.
691 4355 748 4422 inf.
770 4377 839 4421 aer.

156 4469 159 4475 '
216 4460 318 4525 ια’δε
333 4466 555 4545 γενέσθαι,
588 4462 713 4548 λέγουσι
741 4457 973 4527 subintellecto
1004 4478 1078 4521 oum
1101 4477 1169 4522 aee.
1200 4477 1227 4521 ο.
1249 4453 1307 4520 inf.
1331 4454 1400 4521 eor.

101 4545 412 4643 Efflam
