2994 4822
639 177 848 247 ..13...

119 346 172 418 τόν
193 348 296 438 Κόρου
318 347 383 417 tort
406 355 613 438 πεπρωμένον
634 353 778 418 τελευτᾶν
800 352 868 435 ΙΙΙ,
891 357 943 435 64,
967 351 1017 419 24.
1061 345 1185 418 Forma
1207 355 1373 435 πέπρωται

122 456 209 541 apud
228 456 412 523 Homerum
440 476 513 521 eum
544 477 610 521 aoe.
640 478 667 521 o.
688 455 745 522 inf.
777 457 914 540 legitur,
943 463 981 521 ut
1002 455 1042 522 Il.
1066 456 1207 540 XVIII,
1239 461 1311 539 329,
1340 466 1375 524 et

120 559 209 644 apud
227 559 372 642 Atticos,
394 566 433 625 ut
447 557 529 627 Eur.
547 558 623 625 Alo.
648 564 705 641 21;
730 582 804 626 oum
827 560 940 627 dativo
962 580 1124 642 personae
1146 566 1179 626 et
1200 561 1373 643 infinitivo,

118 670 155 729 ut
168 664 291 731 Aesoh.
310 662 367 728 Pr.
388 666 461 746 519,
485 663 543 728 sed
563 661 686 729 Aesch.
710 662 766 730 Pr.
792 669 853 728 753
877 659 941 750 ὅτῳ
962 668 1072 729 θανεῖν
1091 670 1148 747 μέν
1169 662 1232 730 ἐστι
1251 665 1296 751 μη
1318 686 1373 730 πε-

120 772 290 851 πραμένον.
330 765 426 832 Haeo
449 766 599 850 passiva,
630 787 716 850 qnae
736 768 973 852 impersonalia
995 767 1165 849 dicuntur,
1193 768 1282 851 apud
1303 768 1374 833 Ho-

120 893 242 936 merum
258 869 406 934 nondum
423 875 611 952 occurrunt,
635 878 773 954 exeepto
804 877 970 956 πέπρωται
990 871 1056 953 illo,
1079 870 1137 935 sed
1158 870 1247 954 apud
1266 878 1374 955 poste-

119 974 220 1039 riores
240 974 419 1056 scriptores
441 974 633 1055 saspissime
650 973 810 1058 leguntur.

203 1097 274 1177 §t
319 1086 437 1158 Εἶναι
465 1113 554 1158 oum
586 1091 882 1159 substantivis
913 1093 979 1159 vel
1015 1093 1245 1160 adieetivis
1278 1114 1374 1158 oon·

119 1198 310 1262 iunctum
332 1195 589 1278 saepissime
611 1195 886 1262 infinitivum
912 1196 1110 1280 postulat

201 1325 231 1365 α.
255 1320 344 1365 cum
365 1298 676 1379 substantivis,
703 1306 740 1364 nt

200 1384 418 1488 συγγνώμη
448 1423 522 1466 oum
550 1397 672 1466 dativo.
717 1400 783 1465 Inf.
807 1422 916 1484 praes.
937 1401 1101 1488 συγγνώμη
1122 1407 1195 1484 μέν,
1224 1393 1375 1489 ὦπάτερ

118 1531 163 1572 τοι
192 1505 290 1571 ἰδόντι
318 1529 354 1590 γε
383 1501 462 1588 όψιν
491 1502 635 1589 τοιαύτην
664 1504 738 1589 περὶ
766 1502 823 1586 ἐμὲ
852 1503 993 1591 φυλακην
1022 1503 1105 1585 ἔχειν
1126 1505 1156 1588 Ι,
1186 1509 1236 1588 39,
1260 1508 1279 1570 3
1310 1504 1374 1570 ἐστέ

121 1609 359 1676 subintellecto.
406 1606 490 1673 Cum
520 1606 632 1672 dativo
661 1627 824 1690 personae
853 1607 977 1691 legitur
1006 1609 1106 1674 etiam
1131 1607 1221 1692 apud
1244 1607 1374 1694 Thucy-

120 1712 227 1778 didem
242 1710 346 1794 VIII,
370 1716 421 1792 511,
443 1732 517 1775 oum
537 1731 604 1775 aee.
632 1731 659 1775 σ.
677 1710 734 1776 inf.
751 1709 814 1790 IV,
837 1713 875 1773 61
902 1716 964 1775 oet.
986 1711 1203 1777 Homericum
1225 1734 1291 1778 non
1315 1719 1373 1779 est.

202 1832 329 1916 νόμος
351 1852 425 1896 oum
449 1829 571 1895 dativo.
617 1828 684 1897 Ins.
707 1851 816 1915 praee.
839 1830 897 1908 τάς
916 1829 949 1895 δὲ
971 1832 1133 1919 βασιληίας
1155 1832 1254 1910 ἱστίας
1280 1831 1377 1914 νόμος

120 1936 254 2024 Σκύθησι
271 1936 310 2000 τά
329 1929 541 2016 μάλιστάέσσι
560 1931 690 2015 ὀμνύναι
711 1931 776 2015 IV,
793 1937 843 2014 68,
870 1939 899 1999 7.
927 1932 957 2015 Ι,
980 1938 1031 2017 90,
1058 1938 1183 2000 10-25
1206 1933 1269 2000 ἔστί
1297 1934 1372 2000 sub-

117 2041 292 2107 intellecto.
326 2041 397 2120 132,
423 2040 472 2100 ιε.
494 2035 562 2118 ΙΠ,
588 2041 637 2120 ιε,
655 2039 705 2102 18.
722 2035 766 2119 v,
791 2039 840 2118 rs,
866 2041 915 2102 ro.
939 2042 991 2121 se,
1016 2041 1067 2104 11.

198 2159 264 2225 Ini.
289 2158 372 2243 peri.
391 2156 460 2241 III,
485 2163 536 2240 36,
559 2161 590 2221 4.

198 2264 282 2327 Aoo.
306 2283 334 2326 o.
357 2260 415 2325 inf.
438 2282 505 2326 aor.
529 2255 625 2324 νόθον
646 2258 685 2323 οὔ
706 2279 764 2343 σφι
788 2258 886 2342 νόμος
906 2259 971 2325 ἐστὶ
992 2261 1173 2344 βασιλεῦσαι
1196 2259 1266 2342 ΙΙΙ,
1289 2265 1318 2341 2,
1342 2265 1372 2325 9.

120 2369 189 2448 136,
214 2370 264 2431 10.
289 2363 351 2447 IV,
376 2368 448 2445 172,
473 2367 513 2427 13
536 2364 606 2429 sine
629 2362 755 2427 dativo.

200 2493 246 2567 A,
275 2491 313 2550 ut
342 2485 432 2551 Xen.
455 2485 523 2550 An.
544 2483 626 2566 VH,
658 2488 687 2567 3,
719 2487 770 2550 28.
823 2484 900 2569 Cyn.
929 2484 959 2567 Ι,
989 2489 1019 2569 4,
1053 2490 1104 2551 23.
1155 2483 1374 2549 Homericum

118 2594 265 2653 nonest

201 2689 317 2757 Simile
337 2696 387 2757 est
407 2686 584 2776 ἀποφέρειν
603 2689 640 2755 τό
663 2696 788 2773 χρυσίον
810 2690 909 2757 ἔκειτο
930 2691 1028 2772 νόμας
1049 2690 1078 2774 Ι,
1104 2695 1177 2775 196,
1199 2695 1250 2756 28.

201 2811 332 2896 λόγος.
370 2813 454 2878 Αεο.
480 2832 507 2875 o.
530 2810 587 2874 inf.
610 2830 716 2892 praes.
739 2812 796 2897 την
815 2810 850 2874 δὲ
870 2811 1037 2895 θεσσαλέην
1059 2811 1153 2894 λόγος
1169 2810 1234 2875 ἐστὶ
1254 2812 1290 2875 τὸ
1312 2832 1372 2875 πα-

118 2913 204 2980 λαιόν
231 2908 312 2981 εἶναι
341 2917 450 3002 λίμνην
472 2914 554 2995 VII,
582 2918 653 2996 129,
683 2918 712 2980 2.
742 2914 791 2995 ΙΙ,
817 2917 866 2996 75,
890 2917 940 2979 11.
971 2911 1039 2994 ΙΠ,
1065 2918 1136 2995 105,
1163 2918 1213 2980 10.
1245 2917 1316 2996 115,
1342 2919 1371 2978 5.

118 3014 184 3099 lx,
208 3022 260 3100 as,
282 3023 332 3083 13.

202 3121 285 3186 Aeo.
309 3141 337 3186 c.
360 3119 418 3185 ins.
440 3103 524 3203 perf.
548 3118 617 3200 III,
641 3124 670 3200 5,
697 3123 747 3184 10.

200 3224 283 3290 Aoo.
306 3245 334 3288 o.
356 3223 415 3288 inf.
434 3245 502 3289 aor.
525 3222 608 3304 VII,
629 3226 699 3304 193,
726 3226 774 3286 13.
798 3221 902 3305 VIII,
927 3227 980 3304 55,
1001 3226 1030 3287 6.

200 3342 387 3409 Memoratu
414 3342 547 3426 dignum
577 3349 627 3408 est
650 3347 874 3426 Σαυροματέων
895 3348 969 3426 πέρι
991 3333 1054 3406 cite
1078 3343 1212 3424 λέγεται·
1235 3335 1288 3405 ὅτε
1300 3335 1376 3403 ίἘλ-

116 3446 204 3532 ληνες
217 3441 361 3528 Ἀμαζόσι
378 3443 567 3526 ἐμαχέσαντο
577 3495 600 3509 ..
614 3496 619 3508 .
639 3446 709 3510 τότε
725 3445 819 3529 λόγος
831 3442 1083 3531 τοόςἝλληνας.
1095 3494 1119 3509 ..
1145 3441 1377 3510 ἀποπλέειν...

115 3541 178 3626 τός’
198 3548 232 3614 δέ
260 3546 294 3612 ἐν
322 3552 367 3632 api
391 3548 525 3632 πελάγεϊ
556 3549 748 3631 ἐπιθεμένας
776 3548 911 3634 ἐκκόψαι
945 3547 1019 3626 τούς
1050 3548 1174 3632 ἄνδρας.
1211 3548 1314 3611 πλοῖα
1346 3543 1380 3610 oe

114 3649 153 3717 οὐ
179 3651 340 3735 γινώσκειν
367 3646 465 3727 αότοὶς
490 3650 563 3717 οὐδὲ
591 3652 769 3740 πηδαλίοισι
796 3657 936 3738 χρᾶσθαι
965 3650 1027 3734 IV,
1058 3656 1130 3733 110,
1162 3654 1194 3714 6.
1243 3649 1286 3714 In
1318 3648 1382 3714 hoc

116 3754 265 3839 exemplo
303 3754 486 3820 infinitivus
522 3761 600 3839 post
625 3748 696 3821 ἰόόε
728 3756 954 3840 expectandus
988 3754 1068 3840 fuit,
1107 3753 1166 3821 sed
1200 3751 1384 3819 interiecta

115 3859 256 3942 primum
280 3859 448 3923 sententia
476 3858 671 3941 temporali,
702 3858 820 3925 deinde
851 3862 1003 3946 longiore
1032 3856 1242 3943 parenthesi,
1271 3851 1384 3921 Hero·

115 3959 212 4026 dotus
242 3981 356 4026 rursus
386 3961 502 4045 incipit
534 3983 554 4026 a
583 3961 652 4026 τότε
682 3962 775 4046 λόγος
802 3961 892 4050 [ἐστίΙ
924 3984 995 4027 oum
1027 3961 1205 4028 infinitivo.
1254 3956 1387 4024 Postea

116 4063 226 4129 subito
249 4063 369 4129 transit
388 4063 423 4127 in
441 4065 625 4130 orationem
648 4072 784 4130 rectam.

202 4175 241 4247 A,
272 4165 362 4250 apud
383 4165 567 4233 Homerum
587 4189 653 4233 non
675 4167 804 4250 legitur.

198 4266 352 4354 α’νάγκη
387 4290 461 4334 oum
492 4269 614 4337 dativo.
666 4270 729 4336 ini.
758 4293 865 4354 praes.
897 4278 1024 4359 τρέφειν
1053 4272 1128 4350 τούς
1157 4279 1276 4343 τοκέας
1309 4282 1389 4337 τοῖσι

117 4372 205 4435 παισὶ
226 4368 358 4454 οόόεμλα
378 4368 495 4458 ἀνάγκη
514 4373 563 4455 ΙΙ,
586 4379 637 4456 35,
657 4378 707 4440 20.
730 4373 792 4445 IV.
814 4382 869 4446 43.
891 4379 940 4442 12.

200 4473 351 4542 Ιι11.ιιοι.
375 4475 424 4545 II.
443 4478 494 4544 22.
520 4479 568 4541 13.
591 4475 632 4546 V.
656 4481 707 4543 52.
731 4482 781 4543 24.

202 4575 264 4641 Ins.
283 4578 365 4665 perf.
391 4577 438 4659 ΙΙ,
458 4583 510 4651 65.
533 4584 585 4649 20.
