2994 4822
637 171 845 239 ..45-

117 338 175 409 sed
199 343 280 410 διότι
309 366 383 408 cum
405 344 565 409 infinitivo
597 346 697 410 etiam
723 346 812 430 apud
840 347 1041 430 posteriores
1071 353 1189 431 exstat,
1218 356 1257 415 ut
1282 349 1372 434 apud

117 448 234 531 Polyb.
258 447 401 529 XXXI,
425 453 475 528 20,
498 451 530 529 4,
551 447 654 513 Diod.
678 448 740 529 IV,
766 453 814 515 76.
825 449 859 535 *)

203 550 300 634 Quod
324 549 503 616 infinitivus
530 551 564 614 in
584 551 803 634 hypotacticis
830 552 1001 618 sententiis
1025 559 1102 637 post
1121 554 1370 620 coniunctiones

117 660 152 719 et
177 655 318 719 relativa
347 654 631 738 frequentissimus
660 661 711 720 est
740 655 830 739 apud
857 654 1086 738 Herodotum,
1116 656 1205 741 apud
1235 656 1369 723 Atticos

116 758 219 822 multo
242 759 350 822 rarius
371 757 500 840 legitur,
522 756 655 822 facilem
673 757 776 824 habet
797 757 1062 842 explicationem.
1106 757 1297 826 Herodotus
1317 783 1369 826 ar·

117 861 275 927 tificiosas
298 861 562 925 constructiones
584 881 648 925 non
672 859 816 942 affectat,
845 866 879 926 et
901 882 960 926 suo
982 862 1113 945 ingenio
1141 869 1175 928 et
1196 872 1333 930 consuet
1357 901 1369 913 -

117 961 193 1027 dine
217 962 393 1045 scribendi,
419 968 595 1047 quactum
619 970 700 1046 erat,
724 963 911 1048 impeditus.
955 963 1076 1049 Itaque
1096 967 1280 1051 hypotaxis,
1302 989 1369 1033 non

116 1064 183 1129 iam
211 1064 326 1130 adulta
353 1063 557 1131 Graecorum
592 1067 742 1132 oratione
768 1066 931 1150 pedestri,
961 1067 1152 1151 imperfecta
1178 1069 1265 1154 apud
1294 1091 1369 1135 eum

118 1170 247 1234 mansit.
292 1167 368 1234 Hoc
393 1176 532 1252 apparet
552 1170 604 1235 vel
628 1170 715 1250 inde,
738 1167 827 1252 quod
851 1171 1031 1236 sententias
1054 1173 1205 1238 causales
1229 1195 1290 1258 per
1308 1173 1369 1258 γάρ

117 1271 291 1337 adnectere
313 1271 407 1351 solet,
439 1273 544 1337 rarius
566 1279 725 1356 usurpato
746 1269 817 1336 ἐπεί
841 1272 1059 1356 hypotactico.
1095 1273 1248 1341 Indidem
1270 1277 1369 1342 etiam

117 1374 358 1458 explicandum,
379 1375 467 1460 quod
488 1375 521 1440 in
537 1376 685 1441 oratione
701 1374 836 1457 obliqua
854 1397 920 1441 non
941 1376 1175 1443 animadvertit
1195 1386 1272 1462 post
1293 1401 1368 1444 con·

118 1476 301 1542 iunctiones
321 1484 380 1542 aut
401 1478 543 1543 relativa
564 1477 694 1543 finitum
715 1477 850 1544 verbum
870 1500 941 1544 esse
962 1479 1159 1562 ponendum,
1182 1481 1240 1547 sed
1259 1481 1368 1548 infini-

116 1579 218 1643 tivum
244 1581 347 1662 ponit,
371 1581 498 1663 pariter
517 1588 616 1664 atque
636 1581 671 1644 in
691 1582 866 1647 sententiis
885 1582 1061 1665 primariis.

204 1681 363 1748 Videmus
381 1684 484 1765 igitur
503 1682 688 1749 orationem
700 1682 931 1750 Herodoteam
947 1684 1089 1751 mediam
1108 1687 1275 1770 quandam
1296 1709 1368 1753 esse

115 1783 203 1849 inter
224 1784 436 1851 Homericam
457 1784 734 1869 Hesiodeamque,
765 1787 818 1852 cui
838 1789 1009 1871 parataxis
1031 1790 1173 1855 maxime
1192 1791 1310 1875 placet,
1334 1801 1368 1858 et

115 1886 274 1968 Atticam,
298 1909 383 1973 quae
403 1887 586 1972 perfectam
606 1887 735 1973 periodi
754 1888 895 1956 formam
916 1892 1069 1958 excoluit.

184 2059 211 2126 *)
228 2057 272 2111 De
289 2059 396 2129 origine
415 2063 444 2113 et
455 2059 483 2113 vi
495 2060 593 2114 talium
604 2059 735 2113 infinitivi
747 2060 986 2116 constructionum
997 2063 1061 2116 vide
1072 2061 1094 2117 J
1094 2063 1163 2132 olly:
1183 2063 1366 2130 „Geschichte

114 2144 164 2197 des
191 2142 330 2198 Infinitive
356 2146 394 2198 im
421 2143 750 2201 Indo-Germanischen“
784 2164 810 2215 p.
837 2148 896 2201 221.
941 2147 1099 2202 Delbriiclr:
1136 2147 1195 2216 „De
1221 2148 1365 2204 Infinitivo

114 2229 239 2284 Graeco“
259 2249 286 2299 p.
304 2232 346 2284 31.
